Unnamed: 0,Unnamed: 1,Unnamed: 2,Unnamed: 3,Unnamed: 4,Unnamed: 5,Unnamed: 6,Unnamed: 7,Unnamed: 8,Unnamed: 9,Unnamed: 10,Unnamed: 11,Unnamed: 12,Unnamed: 13,Unnamed: 14,Unnamed: 15,Unnamed: 16,Unnamed: 17,Unnamed: 18,Unnamed: 19,Unnamed: 20,Unnamed: 21,Unnamed: 22,Unnamed: 23,Unnamed: 24,Unnamed: 25,Unnamed: 26,Unnamed: 27,Unnamed: 28,Unnamed: 29,Unnamed: 30,Unnamed: 31,Unnamed: 32,Unnamed: 33,Unnamed: 34,Unnamed: 35,Unnamed: 36,Unnamed: 37,Unnamed: 38,Unnamed: 39,Unnamed: 40,Unnamed: 41,Unnamed: 42,Unnamed: 43,Unnamed: 44,Unnamed: 45,Unnamed: 46,Unnamed: 47,Unnamed: 48,Unnamed: 49,Unnamed: 50,Unnamed: 51,Unnamed: 52,Unnamed: 53,Unnamed: 54,Unnamed: 55,Unnamed: 56,Unnamed: 57,Unnamed: 58,Unnamed: 59,Unnamed: 60,Unnamed: 61,Unnamed: 62,Unnamed: 63,Unnamed: 64,Unnamed: 65,Unnamed: 66,Unnamed: 67,Unnamed: 68,Unnamed: 69,Unnamed: 70,Unnamed: 71,Unnamed: 72,Unnamed: 73,Unnamed: 74,Unnamed: 75,Unnamed: 76,Unnamed: 77
NVIDIA Corp (NVDA US) - By Measure,,,,,,,,,,,,,,,,,,,,,,,,,,,,,,,,,,,,,,,,,,,,,,,,,,,,,,,,,,,,,,,,,,,,,,,,,,,,,
,,,,,,,,,,,,,,,,,,,,,,,,,,,,,,,,,,,,,,,,,,,,,,,,,,,,,,,,,,,,,,,,,,,,,,,,,,,,,
In Millions of USD except Per Share,,Q1 2006,,Q2 2006,,Q3 2006,,Q4 2006,,Q1 2007,,Q2 2007,,Q3 2007,,Q4 2007,,Q1 2008,,Q2 2008,,Q3 2008,,Q4 2008,,Q1 2009,,Q2 2009,,Q3 2009,,Q4 2009,,Q1 2010,,Q2 2010,,Q3 2010,,Q4 2010,,Q1 2011,,Q2 2011,,Q3 2011,,Q4 2011,,Q1 2012,,Q2 2012,,Q3 2012,,Q4 2012,,Q1 2013,,Q2 2013,,Q3 2013,,Q4 2013,,Q1 2014,,Q2 2014,,Q3 2014,,Q4 2014,,Q1 2015,,Q2 2015,
3 Months Ending,,05/01/2005,,07/31/2005,,10/30/2005,,01/29/2006,,04/30/2006,,07/30/2006,,10/29/2006,,01/28/2007,,04/29/2007,,07/29/2007,,10/28/2007,,01/27/2008,,04/27/2008,,07/27/2008,,10/26/2008,,01/25/2009,,04/26/2009,,07/26/2009,,10/25/2009,,01/31/2010,,05/02/2010,,08/01/2010,,10/31/2010,,01/30/2011,,05/01/2011,,07/31/2011,,10/30/2011,,01/29/2012,,04/29/2012,,07/29/2012,,10/28/2012,,01/27/2013,,04/28/2013,,07/28/2013,,10/27/2013,,01/26/2014,,04/27/2014,,07/27/2014,
Revenue,,583.846,1.0,574.812,1.0,583.415,1.0,633.614,1.0,681.807,1.0,687.519,1.0,820.572,1.0,878.873,1.0,844.28,1.0,935.253,1.0,1115.597,1.0,1202.73,1.0,1153.388,1.0,892.676,1.0,897.655,1.0,481.14,1.0,664.231,1.0,776.52,1.0,903.206,1.0,982.489,1.0,1001.813,1.0,811.208,1.0,843.912,1.0,886.376,1.0,962.039,1.0,1016.517,1.0,1066.18,1.0,621.495,1.0,924.877,1.0,1044.27,1.0,1204.11,1.0,1106.902,1.0,954.739,1.0,977.238,1.0,1053.967,1.0,1144,1.0,1103,1.0,1103,1.0
  GPU,,409.926,0.748626205551426,385.826,0.70744953940034,427.564,0.775955689126995,433.905,0.733294463597648,404.807,0.594763876359426,373.107,0.544628481593771,471.057,0.575390906992169,600.707,0.687557944423715,483.495,0.575353664689699,579.034,0.622888462179766,689.909,0.623736202536681,765.843,0.642432381874324,701.489,0.614008721423857,503.489,0.569204836820614,461.494,0.517055200701815,245.79,0.514234067614698,547.384,0.824086801127921,615.617,0.79278962550868,717.658,0.794567352298368,779.517,0.793410409683976,780.853,0.779439875505708,550.413,0.678510320411041,581.863,0.689483026666287,817.631,0.922442620287553,637.589,0.662747560130099,638.544,0.628168540221167,644.802,0.604777804873474,621.495,1.0,726.365,0.845714811317569,798.624,0.816363580606581,894.209,0.785696461677694,832,0.8,785.612,0.883962558186374,858.613,0.942248896556114,876.833,0.887512437156302,947,0.87847866419295,898,0.86595949855352,878,0.846673095467695
  Tegra Processor,,—,,—,,—,,—,,—,,—,,—,,—,,—,,—,,—,,—,,—,,—,,—,,—,,—,,—,,—,,—,,—,,—,,—,,68.745,0.0775573797124471,—,,—,,—,,—,,132.512,0.154285188682431,179.646,0.183636419393419,243.901,0.214303538322306,208,0.2,103.127,0.116037441813626,52.625,0.0577511034438862,111.134,0.112487562843698,131,0.12152133580705,139,0.13404050144648,159,0.153326904532305
  All Other,,36.275,,29.436,,32.399,,41.894,,1.189,,2.452,,1.899,,5.191,,3.936,,5.658,,9.506,,10.631,,10.914,,8.128,,5.112,,3.167,,0,,0,,0,,0,,0,,0,,0,,0,,0,,0,,0,,0,,66,,66,,66,,66.902,,66,,66,,66,,66,,66,,66,
  CPB,,—,,—,,—,,—,,57.385,0.0843130801712561,55.693,0.0812956980850048,48.943,0.0597833322950677,56.236,0.0643666688795237,67.226,0.0799981912169302,62.182,0.0668914957589058,65.873,0.0595547744263356,55.856,0.0468551689079514,42.465,0.0371693360199007,34.625,0.0391442861212732,34.174,0.0382883513735473,25.07,0.0524506614390352,10.699,0.0161073481966364,44.277,0.0570197805594189,55.91,0.0619017145590264,45.161,0.0459659090330782,31.23,0.0311734824762705,45.704,0.0563406672518023,51.934,0.0615395918057807,—,,122.609,0.127447016181257,167.684,0.164959366149312,191.083,0.179222082575175,—,,—,,—,,—,,—,,—,,—,,—,,—,,—,,—,
  PSB,,—,,—,,—,,—,,100.042,0.14698700298846,117.126,0.170970138687165,111.257,0.135899192962269,147.624,0.168967656424191,140.873,0.167637300914863,127.321,0.136963946664945,152.158,0.137563726673483,168.006,0.140932925872767,203.427,0.178058319051462,179.653,0.203101471033794,199.322,0.223319212631772,110.974,0.232176294476885,106.148,0.159805850675443,116.626,0.150190593931901,129.638,0.143530933142605,157.811,0.160623681282946,189.73,0.189386642018021,215.091,0.265149012337156,210.115,0.248977381527932,—,,201.841,0.209805423688645,210.289,0.206872093629521,230.295,0.216000112551352,—,,—,,—,,—,,—,,—,,—,,—,,—,,—,,—,
  Consumer Electronics,,58.078,0.106064784292813,81.543,0.149517030452385,9.929,0.0180194404518199,17.848,0.0301629148921787,—,,—,,—,,—,,—,,—,,—,,—,,—,,—,,—,,—,,—,,—,,—,,—,,—,,—,,—,,—,,—,,—,,—,,—,,—,,—,,—,,—,,—,,—,,—,,—,,—,,—,
  Handheld GPU,,7.762,0.0141753306877099,2.135,0.00391473038784252,23.194,0.0420931515600273,25.654,0.0433549651862367,—,,—,,—,,—,,—,,—,,—,,—,,—,,—,,—,,—,,—,,—,,—,,—,,—,,—,,—,,—,,—,,—,,—,,—,,—,,—,,—,,—,,—,,—,,—,,—,,—,,—,
  MCP,,71.805,0.131133679468051,75.872,0.139118699759432,90.329,0.163931718861158,114.313,0.193187656323937,118.384,0.173936040480857,139.141,0.203105681634059,187.416,0.228926567750494,69.115,0.0791077302725706,148.75,0.177010843178508,161.058,0.173256095396382,198.151,0.1791452963635,202.394,0.169779523344957,195.093,0.17076362350478,166.781,0.18854940602432,197.553,0.221337235292865,96.139,0.201138976469382,—,,—,,—,,—,,—,,—,,—,,—,,—,,—,,—,,—,,—,,—,,—,,—,,—,,—,,—,,—,,—,,—,
Revenue by End User,,—,,—,,—,,—,,—,,—,,—,,—,,—,,—,,—,,—,,—,,—,,—,,—,,—,,—,,—,,—,,—,,—,,—,,—,,—,,—,,—,,—,,—,,—,,—,,—,,—,,—,,—,,—,,1103,1.0,1103,1.0
  Gaming,,—,,—,,—,,—,,—,,—,,—,,—,,—,,—,,—,,—,,—,,—,,—,,—,,—,,—,,—,,—,,—,,—,,—,,—,,—,,—,,—,,—,,—,,—,,—,,—,,—,,—,,—,,—,,468,0.42429737080689,417,0.378059836808704
  OEM & IP,,—,,—,,—,,—,,—,,—,,—,,—,,—,,—,,—,,—,,—,,—,,—,,—,,—,,—,,—,,—,,—,,—,,—,,—,,—,,—,,—,,—,,—,,—,,—,,—,,—,,—,,—,,—,,352,0.319129646418858,355,0.321849501359927
  Professional Visualization,,—,,—,,—,,—,,—,,—,,—,,—,,—,,—,,—,,—,,—,,—,,—,,—,,—,,—,,—,,—,,—,,—,,—,,—,,—,,—,,—,,—,,—,,—,,—,,—,,—,,—,,—,,—,,191,0.173164097914778,208,0.188576609247507
  Data Center,,—,,—,,—,,—,,—,,—,,—,,—,,—,,—,,—,,—,,—,,—,,—,,—,,—,,—,,—,,—,,—,,—,,—,,—,,—,,—,,—,,—,,—,,—,,—,,—,,—,,—,,—,,—,,57,0.0516772438803264,83,0.0752493200362647
  Automotive,,—,,—,,—,,—,,—,,—,,—,,—,,—,,—,,—,,—,,—,,—,,—,,—,,—,,—,,—,,—,,—,,—,,—,,—,,—,,—,,—,,—,,—,,—,,—,,—,,—,,—,,—,,—,,35,0.0317316409791478,40,0.0362647325475975
Operating Income,,76.182,1.0,77.593,1.0,69.572,1.0,113.317,1.0,101.509,1.0,95.816,1.0,117.613,1.0,138.514,1.0,141.246,1.0,184.76,1.0,247.841,1.0,262.499,1.0,202.979,1.0,-155.392,,56.796,1.0,-175.083,,-230.965,,-110.107,,107.845,1.0,134.282,1.0,147.393,1.0,-175.207,,103.783,1.0,179.778,1.0,154.862,1.0,174.03,1.0,197.09,1.0,122.317,1.0,72.826,1.0,139.623,1.0,252.217,1.0,183.573,1.0,82.781,1.0,105.534,1.0,140.988,1.0,166.697,1.0,151,1.0,163,1.0
  GPU,,78.132,0.796160430423086,72.737,0.668852127375884,110.873,0.977940268491894,98.079,0.741893026527787,87.239,0.572242884598986,75.33,0.488182648875294,114.851,0.574091383955573,105.689,0.50187808364239,124.417,0.58761825146058,167.828,0.673037668582245,207.938,0.660303004321829,217.802,0.65465967327432,169.047,0.605675283495459,-41.595,0.583052985702271,51.758,0.345975935828877,-425.422,1.06038180744123,-68.599,0.756128477580354,-127.437,1.15739235470951,80.833,0.749529417219157,101.717,0.757487973071596,115.344,0.782560908591317,-221.711,1.26542318514671,48.521,0.467523582860391,738.607,1.66633653091244,120.283,0.77671087807209,139.708,0.802781129690283,146.843,0.745055558374347,315.124,2.55730574152972,153.477,1.68765463322374,216.03,1.26553877517545,264.087,0.995191492408512,60.744,0.292263279445727,158.526,1.53111961057024,207.914,1.67195265130193,220.351,1.4113122229908,248.209,1.35648899600501,235,1.35838150289017,241,1.29569892473118
  All Other,,-21.954,,-31.156,,-43.802,,-18.884,,-50.942,,-58.491,,-82.444,,-72.073,,-70.485,,-64.599,,-67.072,,-70.196,,-76.126,,-84.052,,-92.804,,226.114,,-140.241,,0,,0,,0,,0,,0,,0,,-263.474,,0,,0,,0,,-0.908,,-18.115,,-31.079,,-13.146,,-24.267,,-20.755,,-18.82,,-15.144,,-16.282,,-22,,-23,
  Tegra Processor,,—,,—,,—,,—,,—,,—,,—,,—,,—,,—,,—,,—,,—,,—,,—,,—,,—,,—,,—,,—,,—,,—,,—,,-295.355,-0.666336530912438,—,,—,,—,,-191.899,-1.55730574152972,-62.536,-0.687654633223738,-45.328,-0.265538775175452,1.276,0.00480850759148789,147.096,0.707736720554273,-54.99,-0.531119610570236,-83.56,-0.671952651301928,-64.219,-0.411312222990803,-65.23,-0.356488996005006,-62,-0.358381502890173,-55,-0.295698924731183
  CPB,,—,,—,,—,,—,,17.165,0.112593554650347,16.597,0.107558309085135,4.989,0.0249378927005803,3.624,0.0172090394943657,10.168,0.0480231992481025,2.767,0.0110964513011361,7.788,0.0247306398910175,7.381,0.022185485204166,-3.85,-0.0137940918292399,-6.359,0.0891365292963275,0.019,0.000127005347593583,-42.177,0.10512790474505,-43.229,0.476489131872492,-15.492,0.140699501394098,-11.588,-0.107450507673049,-23.861,-0.177693212790992,-41.816,-0.283704110778667,-38.722,0.221007151540749,-31.765,-0.306071321892796,—,,-35.306,-0.22798362412987,-35.541,-0.204223409756939,-45.64,-0.23156933380689,—,,—,,—,,—,,—,,—,,—,,—,,—,,—,,—,
  PSB,,—,,—,,—,,—,,45.064,0.295596617929695,54.517,0.353302183309895,52.32,0.261525465242406,62.065,0.294723795865842,69.307,0.327335156401283,66.363,0.266134368520888,82.182,0.260967314782178,87.543,0.263132899502547,110.328,0.395292094373086,83.686,-1.17305859265489,99.001,0.661771390374332,-38.268,0.0953845616991154,21.104,-0.232617609452846,32.822,-0.298091856103608,38.6,0.357921090453892,56.426,0.420205239719397,73.865,0.501143202187349,85.226,-0.486430336687461,87.027,0.838547739032404,—,,69.885,0.451272746057781,69.863,0.401442280066655,95.887,0.486513775432544,—,,—,,—,,—,,—,,—,,—,,—,,—,,—,,—,
  Consumer Electronics,,28.941,0.294907067742724,40.787,0.375056322356987,1.882,0.0165999259089386,23.086,0.174628028532311,—,,—,,—,,—,,—,,—,,—,,—,,—,,—,,—,,—,,—,,—,,—,,—,,—,,—,,—,,—,,—,,—,,—,,—,,—,,—,,—,,—,,—,,—,,—,,—,,—,,—,
  Handheld GPU,,-15.86,-0.161612456183256,-10.115,-0.0930123495388463,-3.992,-0.0352108949141779,-4.955,-0.0374808057427705,—,,—,,—,,—,,—,,—,,—,,—,,—,,—,,—,,—,,—,,—,,—,,—,,—,,—,,—,,—,,—,,—,,—,,—,,—,,—,,—,,—,,—,,—,,—,,—,,—,,—,
  MCP,,6.923,0.0705449580174452,5.34,0.0491038998059752,4.611,0.0406707005133452,15.991,0.120959750682673,2.983,0.019566942820972,7.863,0.0509568587296753,27.897,0.139445258101441,39.209,0.186189080997403,7.839,0.037023392890035,12.401,0.0497315115957315,17.005,0.053999041004976,19.969,0.0600219420189663,3.58,0.0128267139606958,-107.072,1.50086907765629,-1.178,-0.00787433155080214,104.67,-0.260894273885398,—,,—,,—,,—,,—,,—,,—,,—,,—,,—,,—,,—,,—,,—,,—,,—,,—,,—,,—,,—,,—,,—,
Revenue Growth %,,—,,—,,—,,—,,—,,—,,—,,—,,—,,—,,—,,—,,—,,—,,—,,—,,—,,—,,—,,—,,—,,—,,—,,—,,—,,—,,—,,—,,—,,—,,—,,—,,—,,—,,—,,—,,—,,—,
  Tegra Processor,,—,,—,,—,,—,,—,,—,,—,,—,,—,,—,,—,,—,,—,,—,,—,,—,,—,,—,,—,,—,,—,,—,,—,,—,,—,,—,,—,,—,,8.1,,7.1,,52,,-48,,22.2,,70.7,,54.4,,-48,,35,,202,
  GPU,,—,,—,,—,,—,,—,,—,,—,,—,,—,,—,,—,,—,,—,,—,,—,,—,,—,,—,,—,,—,,—,,—,,—,,—,,—,,—,,—,,—,,9.1,,4.7,,4.2,,7,,8.2,,7.5,,1.9,,7,,14,,2,
  All Other,,—,,—,,—,,—,,—,,—,,—,,—,,—,,—,,—,,—,,—,,—,,—,,—,,—,,—,,—,,—,,—,,—,,—,,—,,—,,—,,—,,—,,0,,0,,0,,0,,0,,0,,0,,0,,0,,0,
Depreciation and Amortization,,24.897,1.0,24.77,1.0,24.522,1.0,23.788,1.0,24.031,1.0,24.208,1.0,25.241,1.0,34.292,1.0,31.334,1.0,31.892,1.0,33.03,1.0,36.936,1.0,41.358,1.0,46.306,1.0,49.304,1.0,48.055,1.0,50.658,1.0,49.322,1.0,48.77,1.0,47.914,1.0,47.147,1.0,46.573,1.0,46.876,1.0,46.393,1.0,47.764,1.0,52.159,1.0,52.387,1.0,51.895,1.0,54.491,1.0,56.195,1.0,57.148,1.0,58.401,1.0,59.744,1.0,61.84,1.0,62.726,1.0,54.838,1.0,55,1.0,56,1.0
  GPU,,8.895,0.567427915284511,8.219,0.56612481057997,8.442,0.571951219512195,7.524,0.202961883952416,6.87,0.409855625820308,5.588,0.320394472793991,6.929,0.405702910006441,8.464,0.371651883727057,8.285,0.35772884283247,8.932,0.392788038698329,8.834,0.373451701543014,12.221,0.433307332293292,12.714,0.424833762154576,13.826,0.439996181141202,13.805,0.363998312503296,55.405,0.430143005760601,36.171,0.714023451379841,35.549,0.720753416325372,33.972,0.696575763789215,33.606,0.701381642108778,34.859,0.739368358538189,30.743,0.660103493440405,31.488,0.67302184414141,29.356,1.0,29.028,0.607738045389833,30.663,0.587864263803681,29.547,0.564013972932216,29.406,1.0,31.061,0.709495420178625,31.397,0.685568923728628,32.375,0.696805991993457,48.429,1.00855929026615,38.848,0.784506956925625,36.001,0.699972779592472,38.677,0.746069713161397,33.045,0.757600073364207,30,0.681818181818182,29,0.659090909090909
  Tegra Processor,,—,,—,,—,,—,,—,,—,,—,,—,,—,,—,,—,,—,,—,,—,,—,,—,,—,,—,,—,,—,,—,,—,,—,,—,,—,,—,,—,,—,,12.718,0.290504579821376,14.4,0.314431076271371,14.087,0.303194008006543,-0.411,-0.00855929026615019,10.671,0.215493043074375,15.431,0.300027220407528,13.164,0.253930286838603,10.573,0.242399926635793,14,0.318181818181818,15,0.340909090909091
  All Other,,7.641,,8.062,,7.887,,10.208,,8.109,,8.153,,8.162,,9.352,,9.162,,9.71,,10.054,,8.789,,11.641,,14.44,,15.174,,56.217,,0,,0,,0,,0,,0,,0,,0,,0,,0,,0,,0,,0,,10.712,,10.397,,10.686,,10.383,,10.225,,10.408,,10.885,,11.22,,11,,12,
  CPB,,—,,—,,—,,—,,3.786,0.225868034840711,5.787,0.331804369015538,3.774,0.220973124890216,4.726,0.207517344340037,6.095,0.263169257340242,5.004,0.220052770448549,5.676,0.23994927076728,4.707,0.16689122110339,4.918,0.164333210812978,4.6,0.146389587245012,4.864,0.128249749512208,19.372,0.150396720649659,7.309,0.144281258636346,6.562,0.133044077693524,8.15,0.167110928849703,6.902,0.144049755812497,6.893,0.146202303433941,8.629,0.1852790243274,7.516,0.16064634719788,—,,12.618,0.264173854786031,15.628,0.299616564417178,17.413,0.332391623876153,—,,—,,—,,—,,—,,—,,—,,—,,—,,—,,—,
  PSB,,—,,—,,—,,—,,1.828,0.109056198544326,1.659,0.0951206926208359,1.799,0.105334035950583,2.095,0.0919908667779046,2.187,0.0944300518134715,1.96,0.0861917326297273,1.926,0.0814204185161699,3.523,0.124911360090767,4.625,0.154542720620176,5.241,0.166788657989371,5.635,0.148578811369509,21.587,0.167593124543888,7.178,0.141695289983813,7.211,0.146202505981104,6.648,0.136313307361083,7.406,0.154568602078724,5.395,0.11442933802787,7.201,0.154617482232195,7.782,0.16633180866071,—,,6.118,0.128088099824135,5.869,0.112519171779141,5.427,0.103594403191632,—,,—,,—,,—,,—,,—,,—,,—,,—,,—,,—,
  Consumer Electronics,,0.36,0.0229650421025772,0.337,0.0232125637140102,0.305,0.0206639566395664,0.55,0.0148363950257614,—,,—,,—,,—,,—,,—,,—,,—,,—,,—,,—,,—,,—,,—,,—,,—,,—,,—,,—,,—,,—,,—,,—,,—,,—,,—,,—,,—,,—,,—,,—,,—,,—,,—,
  Handheld GPU,,3.175,0.202538912988007,2.882,0.198512191761951,3.144,0.213008130081301,26.1,0.704054382131585,—,,—,,—,,—,,—,,—,,—,,—,,—,,—,,—,,—,,—,,—,,—,,—,,—,,—,,—,,—,,—,,—,,—,,—,,—,,—,,—,,—,,—,,—,,—,,—,,—,,—,
  MCP,,3.246,0.207068129624904,3.08,0.212150433944069,2.869,0.194376693766938,2.897,0.0781473388902376,4.278,0.255220140794655,4.407,0.252680465569635,4.577,0.267989929152761,7.489,0.328839905155001,6.593,0.284671848013817,6.844,0.300967458223395,7.219,0.305178609173536,7.753,0.274890086512551,7.67,0.25629030641227,7.756,0.246825573624415,13.622,0.359173126614987,32.442,0.251867149045852,—,,—,,—,,—,,—,,—,,—,,—,,—,,—,,—,,—,,—,,—,,—,,—,,—,,—,,—,,—,,—,,—,
  Reconciliation,,1.58,,2.19,,1.875,,-23.491,,-0.84,,-1.386,,—,,2.166,,-0.988,,-0.558,,-0.679,,-0.057,,-0.21,,0.443,,-3.796,,-136.968,,—,,—,,—,,—,,—,,—,,0.09,,17.037,,—,,-0.001,,—,,22.489,,—,,0.001,,—,,—,,—,,—,,—,,—,,—,,—,
Source: Bloomberg,,,,,,,,,,,,,,,,,,,,,,,,,,,,,,,,,,,,,,,,,,,,,,,,,,,,,,,,,,,,,,,,,,,,,,,,,,,,,
