Unnamed: 0,Unnamed: 1,Unnamed: 2,Unnamed: 3,Unnamed: 4,Unnamed: 5,Unnamed: 6,Unnamed: 7,Unnamed: 8,Unnamed: 9,Unnamed: 10,Unnamed: 11,Unnamed: 12,Unnamed: 13,Unnamed: 14,Unnamed: 15,Unnamed: 16,Unnamed: 17,Unnamed: 18,Unnamed: 19,Unnamed: 20,Unnamed: 21,Unnamed: 22,Unnamed: 23,Unnamed: 24,Unnamed: 25,Unnamed: 26,Unnamed: 27,Unnamed: 28,Unnamed: 29,Unnamed: 30,Unnamed: 31,Unnamed: 32,Unnamed: 33,Unnamed: 34,Unnamed: 35,Unnamed: 36,Unnamed: 37,Unnamed: 38,Unnamed: 39,Unnamed: 40,Unnamed: 41,Unnamed: 42,Unnamed: 43,Unnamed: 44,Unnamed: 45,Unnamed: 46,Unnamed: 47,Unnamed: 48,Unnamed: 49,Unnamed: 50,Unnamed: 51,Unnamed: 52,Unnamed: 53,Unnamed: 54,Unnamed: 55,Unnamed: 56,Unnamed: 57,Unnamed: 58,Unnamed: 59,Unnamed: 60,Unnamed: 61,Unnamed: 62,Unnamed: 63,Unnamed: 64,Unnamed: 65,Unnamed: 66,Unnamed: 67,Unnamed: 68,Unnamed: 69,Unnamed: 70,Unnamed: 71,Unnamed: 72,Unnamed: 73,Unnamed: 74,Unnamed: 75,Unnamed: 76,Unnamed: 77,Unnamed: 78,Unnamed: 79,Unnamed: 80,Unnamed: 81
Costco Wholesale Corp (COST US) - By Measure,,,,,,,,,,,,,,,,,,,,,,,,,,,,,,,,,,,,,,,,,,,,,,,,,,,,,,,,,,,,,,,,,,,,,,,,,,,,,,,,,
,,,,,,,,,,,,,,,,,,,,,,,,,,,,,,,,,,,,,,,,,,,,,,,,,,,,,,,,,,,,,,,,,,,,,,,,,,,,,,,,,
date,,Q1 2015,,Q2 2015,,Q3 2015,,Q4 2015,,Q1 2016,,Q2 2016,,Q3 2016,,Q4 2016,,Q1 2017,,Q2 2017,,Q3 2017,,Q4 2017,,Q1 2018,,Q2 2018,,Q3 2018,,Q4 2018,,Q1 2019,,Q2 2019,,Q3 2019,,Q4 2019,,Q1 2020,,Q2 2020,,Q3 2020,,Q4 2020,,Q1 2021,,Q2 2021,,Q3 2021,,Q4 2021,,Q1 2022,,Q2 2022,,Q3 2022,,Q4 2022,,Q1 2023,,Q2 2023,,Q3 2023,,Q4 2023,,Q1 2024,,Q2 2024,,Q3 2024,,Q4 2024,
date,,11/23/2014,,02/15/2015,,05/10/2015,,08/30/2015,,11/22/2015,,02/14/2016,,05/08/2016,,08/28/2016,,11/20/2016,,02/12/2017,,05/07/2017,,09/03/2017,,11/26/2017,,02/18/2018,,05/13/2018,,09/02/2018,,11/25/2018,,02/17/2019,,05/12/2019,,09/01/2019,,11/24/2019,,02/16/2020,,05/10/2020,,08/30/2020,,11/22/2020,,02/14/2021,,05/09/2021,,08/29/2021,,11/21/2021,,02/13/2022,,05/08/2022,,08/28/2022,,11/20/2022,,02/12/2023,,05/07/2023,,09/03/2023,,11/26/2023,,02/18/2024,,05/12/2024,,09/01/2024,
Revenue,,26866,1.0,27454,1.0,26101,1.0,35778,1.0,27220,1.0,28170,1.0,26769,1.0,36560,1.0,28099,1.0,29766,1.0,28860,1.0,42300,1.0,31809,1.0,32995,1.0,32361,1.0,44411,1.0,35069,1.0,35396,1.0,34740,1.0,47498,1.0,37040,1.0,39072,1.0,37266,1.0,53383,1.0,43208,1.0,44769,1.0,45277,1.0,62675,1.0,50363,1.0,51904,1.0,52596,1.0,72091,1.0,54437,1.0,55266,1.0,53648,1.0,78939,1.0,57799,1.0,58442,1.0,58515,1.0,79697,1.0
  Warehouse Clubs,,26284,0.978336931437505,26872,0.978800903329205,25517,0.977625378337995,34993,0.978059142489798,26627,0.978214548126378,27567,0.978594249201278,26151,0.976913594082708,35728,0.977242888402626,27469,0.977579273283747,29130,0.978633340052409,28216,0.977685377685378,41357,0.977706855791962,31117,0.9782451507435,32279,0.97829974238521,31624,0.977225672877847,43414,0.977550606831641,34311,0.978385468647523,34628,0.978302633065883,33964,0.977662636729994,46448,0.977893806054992,36236,0.97829373650108,38256,0.979115479115479,36451,0.978130199109108,52277,0.979281793829496,42347,0.980073134604703,43888,0.980321204404834,44376,0.980100271661108,61441,0.98031112883925,49417,0.981216369159899,50937,0.981369451294698,51612,0.981291352954597,70764,0.981592709214743,53437,0.981630141264214,54239,0.981417146165816,52604,0.980539815090963,77430,0.980883973701212,56717,0.981279952940362,57331,0.980989699188939,57392,0.980808339741946,78185,0.981028144095763
    Foods & Sundries,,—,,—,,—,,—,,—,,—,,—,,—,,—,,—,,—,,—,,—,,—,,—,,—,,13641,0.38897601870598,13966,0.394564357554526,13524,0.389291882556131,18541,0.390353278032759,14532,0.392332613390929,14984,0.383497133497133,16897,0.453415982396823,22246,0.416724425378866,18019,0.417029253841881,17624,0.393665259442918,17551,0.387636106632507,24083,0.384252094136418,19563,0.388439926136251,19489,0.375481658446362,19594,0.37253783557685,26983,0.374290826871593,21448,0.393996730165145,21926,0.396735786921435,21298,0.396995228153892,31503,0.399080302512066,23024,0.398345992145193,23675,0.405102494781151,23065,0.394172434418525,31699,0.397743955230435
    Non - Foods,,—,,—,,—,,—,,—,,—,,—,,—,,—,,—,,—,,—,,—,,—,,—,,—,,—,,—,,—,,12124,0.255252852751695,—,,—,,—,,14692,0.275218702583219,12384,0.286613590075912,13723,0.306529071455695,12899,0.28489078339996,16960,0.270602313522138,14162,0.281198498898001,15105,0.291018033292232,13810,0.262567495627044,18023,0.250003467839259,14032,0.257765857780554,14741,0.266728187312272,13087,0.24394199224575,19005,0.240755520085129,14766,0.255471547950657,15017,0.256955614113138,14518,0.248107322908656,19672,0.246834887135024
    Warehouse Ancillary and Other Business,,—,,—,,—,,—,,—,,—,,—,,—,,—,,—,,—,,—,,—,,—,,—,,—,,6414,0.182896575322935,5978,0.168889140015821,6793,0.195538284398388,9386,0.197608320350331,6988,0.18866090712743,6915,0.176980958230958,5270,0.141415767723931,7377,0.138190060506154,6081,0.140737826328458,6287,0.140431995353928,7630,0.168518232215032,11628,0.185528520143598,9253,0.183726148164327,9384,0.180795314426634,11395,0.216651456384516,16442,0.228072852367147,11240,0.206477212190238,10196,0.184489559584555,11025,0.205506263048017,16232,0.205627129809093,11599,0.200678212425821,10643,0.182112179596865,11921,0.203725540459711,15806,0.198326160332258
    Fresh Foods,,—,,—,,—,,—,,—,,—,,—,,—,,—,,—,,—,,—,,—,,—,,—,,—,,4293,0.122415808834013,4690,0.132500847553396,4568,0.131491076568797,6397,0.134679354920207,4576,0.12354211663067,5079,0.129990786240786,5587,0.149922181076585,7962,0.149148605361257,5863,0.135692464358452,6254,0.139694878152293,6296,0.13905514941361,8770,0.139928201037096,6439,0.127851795961321,6959,0.13407444512947,6813,0.129534565366188,9316,0.129225562136744,6717,0.123390341128277,7376,0.133463612347555,7194,0.134096331643305,10690,0.135421021294924,7328,0.126784200418692,7996,0.136819410697786,7888,0.134803041955054,11008,0.138123141398045
    Softlines,,—,,—,,—,,—,,—,,—,,—,,—,,—,,—,,—,,—,,—,,—,,—,,—,,4123,0.117568222646782,4224,0.119335518137643,3413,0.0982440990213011,—,,4297,0.116009719222462,4504,0.115274365274365,2806,0.0752965169323244,—,,—,,—,,—,,—,,—,,—,,—,,—,,—,,—,,—,,—,,—,,—,,—,,—,
    Hardlines,,—,,—,,—,,—,,—,,—,,—,,—,,—,,—,,—,,—,,—,,—,,—,,—,,5840,0.166528843137814,5770,0.163012769804498,5666,0.163097294185377,—,,5843,0.15774838012959,6774,0.173372235872236,5891,0.158079750979445,—,,—,,—,,—,,—,,—,,—,,—,,—,,—,,—,,—,,—,,—,,—,,—,,—,
  Membership Fees,,582,0.0216630685624953,582,0.0211990966707948,584,0.0223746216620053,785,0.0219408575102018,593,0.0217854518736223,603,0.021405750798722,618,0.0230864059172924,832,0.0227571115973742,630,0.0224207267162532,636,0.0213666599475912,644,0.0223146223146223,943,0.0222931442080378,692,0.0217548492564997,716,0.0217002576147901,737,0.0227743271221532,997,0.0224493931683592,758,0.0216145313524765,768,0.0216973669341168,776,0.0223373632700058,1050,0.0221061939450082,804,0.0217062634989201,816,0.0208845208845209,815,0.0218698008908925,1106,0.0207182061705037,861,0.0199268653952972,881,0.0196787955951663,901,0.0198997283388917,1234,0.0196888711607499,946,0.0187836308401009,967,0.0186305487053021,984,0.0187086470454027,1327,0.0184072907852575,1000,0.0183698587357863,1027,0.0185828538341838,1044,0.0194601849090367,1509,0.0191160262987877,1082,0.0187200470596377,1111,0.0190103008110605,1123,0.0191916602580535,1512,0.0189718559042373
Percentage of Revenue,,—,,—,,—,,—,,—,,—,,—,,—,,—,,—,,—,,—,,—,,—,,—,,—,,—,,—,,—,,—,,—,,—,,—,,—,,—,,—,,—,,—,,—,,—,,—,,—,,—,,—,,—,,—,,—,,—,,—,,—,
  Membership Fees,,—,,2.17,,—,,—,,2.23,,2.19,,2.36,,—,,2.29,,2.18,,2.28,,—,,2.22,,2.22,,2.33,,—,,2.21,,2.22,,2.29,,—,,2.22,,2.13,,2.24,,—,,—,,—,,11,,—,,—,,—,,9,,—,,—,,—,,6,,—,,—,,—,,—,,—,
Same Store Sales %,,—,,—,,—,,—,,—,,—,,—,,—,,—,,—,,—,,—,,—,,—,,—,,—,,—,,—,,—,,—,,—,,—,,—,,—,,—,,—,,—,,—,,—,,—,,—,,—,,—,,—,,—,,—,,—,,—,,—,,—,
  Warehouse Clubs,,7,,7,,6,,6,,6,,5,,3,,3,,2,,3,,5,,5.7,,7.9,,5.4,,7,,7.2,,7.5,,6.7,,5.6,,5.1,,5,,7.9,,7.8,,14.1,,17.1,,12.9,,15,,9.4,,9.8,,11.1,,10.8,,10.4,,7.1,,6.8,,3.5,,—,,3.9,,—,,6.5,,—,
Same Store Sales % with fuel,,—,,—,,—,,—,,—,,—,,—,,—,,—,,—,,—,,—,,—,,—,,—,,—,,—,,—,,—,,—,,—,,—,,—,,—,,—,,—,,—,,—,,—,,—,,—,,—,,—,,—,,—,,—,,—,,—,,—,,—,
  Warehouse Clubs,,5,,2,,-1,,-1,,-1,,1,,0,,0,,1,,3,,5,,6.1,,10.5,,8.4,,10.2,,9.5,,8.8,,5.4,,5.5,,5.1,,4.3,,8.9,,4.8,,11.4,,15.4,,13,,21,,15.5,,15,,14.4,,14.9,,13.7,,6.6,,5.2,,0.3,,1.1,,3.8,,5.6,,6.6,,5.4,
Total Square Feet/Meter,,96437,1.0,96400,1.0,96700,1.0,98784,1.0,100547.7,1.0,100700,1.0,101700,1.0,103200,1.0,104500,1.0,105100,1.0,105400,1.0,107300,1.0,108000,1.0,108000,1.0,108000,1.0,110700,1.0,111000,1.0,112000,1.0,—,,—,,—,,114000,1.0,115000,1.0,—,,—,,—,,—,,—,,—,,—,,—,,—,,—,,—,,—,,—,,—,,—,,—,,—,
  Warehouse Clubs,,96437,1.0,96400,1.0,96700,1.0,98784,1.0,100547.7,1.0,100700,1.0,101700,1.0,103200,1.0,104500,1.0,105100,1.0,105400,1.0,107300,1.0,108000,1.0,108000,1.0,108000,1.0,110700,1.0,111000,1.0,112000,1.0,—,,—,,—,,114000,1.0,115000,1.0,—,,—,,—,,—,,—,,—,,—,,—,,—,,—,,—,,—,,—,,—,,—,,—,,—,
Same Store Sales Foreign Exchange Effect,,—,,—,,—,,—,,—,,—,,—,,—,,—,,—,,—,,—,,—,,—,,—,,—,,—,,—,,—,,—,,—,,—,,—,,—,,—,,—,,—,,—,,—,,—,,—,,—,,—,,—,,—,,—,,—,,—,,—,,—,
  Warehouse Clubs,,-0.168,,-2.57,,-3,,-4,,-4.23,,-3.52,,-1.46,,-1,,-0.37,,-0.7,,-0.63,,0.5,,1.04,,1.9,,1.46,,—,,1.01,,1.42,,—,,—,,—,,0.25,,—,,—,,—,,—,,—,,—,,—,,—,,—,,—,,—,,—,,—,,—,,—,,—,,—,,—,
Same Store Sales Cannibalization Effect,,—,,—,,—,,—,,—,,—,,—,,—,,—,,—,,—,,—,,—,,—,,—,,—,,—,,—,,—,,—,,—,,—,,—,,—,,—,,—,,—,,—,,—,,—,,—,,—,,—,,—,,—,,—,,—,,—,,—,,—,
  Warehouse Clubs,,—,,—,,—,,—,,—,,—,,—,,—,,—,,—,,—,,—,,-1.05,,-0.055,,-0.06,,—,,-0.7,,-0.7,,—,,—,,—,,—,,—,,—,,—,,—,,—,,—,,—,,—,,—,,—,,—,,—,,—,,—,,—,,—,,—,,—,
Same Store Sales Gas Effect,,—,,—,,—,,—,,—,,—,,—,,—,,—,,—,,—,,—,,—,,—,,—,,—,,—,,—,,—,,—,,—,,—,,—,,—,,—,,—,,—,,—,,—,,—,,—,,—,,—,,—,,—,,—,,—,,—,,—,,—,
  Warehouse Clubs,,-0.083,,-3.31,,-4,,-2.5,,-2.95,,-0.79,,-1.89,,-2,,-0.29,,0.89,,0.145,,6.1,,1.44,,1.32,,1.79,,—,,1.35,,0.6,,—,,—,,—,,0.92,,—,,—,,—,,—,,—,,—,,—,,—,,—,,—,,—,,—,,—,,—,,—,,—,,—,,—,
Internet Sales Growth,,—,,—,,—,,—,,—,,—,,—,,—,,—,,—,,—,,—,,—,,—,,—,,—,,—,,—,,—,,—,,—,,—,,—,,—,,—,,—,,—,,—,,—,,—,,—,,—,,—,,—,,—,,—,,—,,—,,—,,—,
  Warehouse Clubs,,—,,—,,—,,—,,—,,—,,—,,—,,—,,—,,—,,21,,43.5,,28.5,,36.8,,26.2,,32.3,,20.2,,22,,19.8,,—,,28.4,,64.5,,90.6,,86.4,,75.8,,41.2,,11.2,,14.3,,12.5,,7.4,,7.1,,-2,,-9.6,,-10,,-0.8,,6.1,,—,,20.7,,18.9,
Number of Locations,,—,,—,,—,,686,1.0,—,,—,,—,,—,,—,,—,,—,,741,1.0,—,,—,,—,,—,,—,,—,,—,,—,,—,,—,,—,,—,,—,,—,,—,,—,,—,,—,,—,,—,,—,,—,,—,,—,,—,,—,,—,,—,
  Leased,,—,,—,,—,,144,0.209912536443149,—,,—,,—,,—,,—,,—,,—,,154,0.207827260458839,—,,—,,—,,—,,—,,—,,—,,—,,—,,—,,—,,—,,—,,—,,—,,—,,—,,—,,—,,—,,—,,—,,—,,—,,—,,—,,—,,—,
    Japan,,—,,—,,—,,15,0.021865889212828,—,,—,,—,,—,,—,,—,,—,,14,0.0188933873144399,—,,—,,—,,—,,—,,—,,—,,—,,—,,—,,—,,—,,—,,—,,—,,—,,—,,—,,—,,—,,—,,—,,—,,—,,—,,—,,—,,—,
    Korea,,—,,—,,—,,7,0.0102040816326531,—,,—,,—,,—,,—,,—,,—,,7,0.00944669365721997,—,,—,,—,,—,,—,,—,,—,,—,,—,,—,,—,,—,,—,,—,,—,,—,,—,,—,,—,,—,,—,,—,,—,,—,,—,,—,,—,,—,
    France,,—,,—,,—,,—,,—,,—,,—,,—,,—,,—,,—,,0,,—,,—,,—,,—,,—,,—,,—,,—,,—,,—,,—,,—,,—,,—,,—,,—,,—,,—,,—,,—,,—,,—,,—,,—,,—,,—,,—,,—,
    Australia,,—,,—,,—,,2,0.00291545189504373,—,,—,,—,,—,,—,,—,,—,,3,0.00404858299595142,—,,—,,—,,—,,—,,—,,—,,—,,—,,—,,—,,—,,—,,—,,—,,—,,—,,—,,—,,—,,—,,—,,—,,—,,—,,—,,—,,—,
    Mexico,,—,,—,,—,,0,,—,,—,,—,,—,,—,,—,,—,,0,,—,,—,,—,,—,,—,,—,,—,,—,,—,,—,,—,,—,,—,,—,,—,,—,,—,,—,,—,,—,,—,,—,,—,,—,,—,,—,,—,,—,
    Spain,,—,,—,,—,,0,,—,,—,,—,,—,,—,,—,,—,,0,,—,,—,,—,,—,,—,,—,,—,,—,,—,,—,,—,,—,,—,,—,,—,,—,,—,,—,,—,,—,,—,,—,,—,,—,,—,,—,,—,,—,
    Taiwan,,—,,—,,—,,11,0.0160349854227405,—,,—,,—,,—,,—,,—,,—,,13,0.0175438596491228,—,,—,,—,,—,,—,,—,,—,,—,,—,,—,,—,,—,,—,,—,,—,,—,,—,,—,,—,,—,,—,,—,,—,,—,,—,,—,,—,,—,
    Iceland,,—,,—,,—,,—,,—,,—,,—,,—,,—,,—,,—,,1,0.00134952766531714,—,,—,,—,,—,,—,,—,,—,,—,,—,,—,,—,,—,,—,,—,,—,,—,,—,,—,,—,,—,,—,,—,,—,,—,,—,,—,,—,,—,
    United States,,—,,—,,—,,92,0.134110787172012,—,,—,,—,,—,,—,,—,,—,,98,0.13225371120108,—,,—,,—,,—,,—,,—,,—,,—,,—,,—,,—,,—,,—,,—,,—,,—,,—,,—,,—,,—,,—,,—,,—,,—,,—,,—,,—,,—,
    United Kingdom,,—,,—,,—,,6,0.0087463556851312,—,,—,,—,,—,,—,,—,,—,,6,0.00809716599190283,—,,—,,—,,—,,—,,—,,—,,—,,—,,—,,—,,—,,—,,—,,—,,—,,—,,—,,—,,—,,—,,—,,—,,—,,—,,—,,—,,—,
    Canada,,—,,—,,—,,11,0.0160349854227405,—,,—,,—,,—,,—,,—,,—,,12,0.0161943319838057,—,,—,,—,,—,,—,,—,,—,,—,,—,,—,,—,,—,,—,,—,,—,,—,,—,,—,,—,,—,,—,,—,,—,,—,,—,,—,,—,,—,
  Owned,,—,,—,,—,,542,0.790087463556851,—,,—,,—,,—,,—,,—,,—,,587,0.792172739541161,—,,—,,—,,—,,—,,—,,—,,—,,—,,—,,—,,—,,—,,—,,—,,—,,—,,—,,—,,—,,—,,—,,—,,—,,—,,—,,—,,—,
    Japan,,—,,—,,—,,8,0.0116618075801749,—,,—,,—,,—,,—,,—,,—,,12,0.0161943319838057,—,,—,,—,,—,,—,,—,,—,,—,,—,,—,,—,,—,,—,,—,,—,,—,,—,,—,,—,,—,,—,,—,,—,,—,,—,,—,,—,,—,
    United Kingdom,,—,,—,,—,,21,0.0306122448979592,—,,—,,—,,—,,—,,—,,—,,22,0.0296896086369771,—,,—,,—,,—,,—,,—,,—,,—,,—,,—,,—,,—,,—,,—,,—,,—,,—,,—,,—,,—,,—,,—,,—,,—,,—,,—,,—,,—,
    United States,,—,,—,,—,,388,0.565597667638484,—,,—,,—,,—,,—,,—,,—,,416,0.56140350877193,—,,—,,—,,—,,—,,—,,—,,—,,—,,—,,—,,—,,—,,—,,—,,—,,—,,—,,—,,—,,—,,—,,—,,—,,—,,—,,—,,—,
    France,,—,,—,,—,,—,,—,,—,,—,,—,,—,,—,,—,,1,0.00134952766531714,—,,—,,—,,—,,—,,—,,—,,—,,—,,—,,—,,—,,—,,—,,—,,—,,—,,—,,—,,—,,—,,—,,—,,—,,—,,—,,—,,—,
    Canada,,—,,—,,—,,78,0.113702623906706,—,,—,,—,,—,,—,,—,,—,,85,0.114709851551957,—,,—,,—,,—,,—,,—,,—,,—,,—,,—,,—,,—,,—,,—,,—,,—,,—,,—,,—,,—,,—,,—,,—,,—,,—,,—,,—,,—,
    Korea,,—,,—,,—,,5,0.00728862973760933,—,,—,,—,,—,,—,,—,,—,,6,0.00809716599190283,—,,—,,—,,—,,—,,—,,—,,—,,—,,—,,—,,—,,—,,—,,—,,—,,—,,—,,—,,—,,—,,—,,—,,—,,—,,—,,—,,—,
    Mexico,,—,,—,,—,,36,0.0524781341107872,—,,—,,—,,—,,—,,—,,—,,37,0.0499325236167341,—,,—,,—,,—,,—,,—,,—,,—,,—,,—,,—,,—,,—,,—,,—,,—,,—,,—,,—,,—,,—,,—,,—,,—,,—,,—,,—,,—,
    Taiwan,,—,,—,,—,,0,,—,,—,,—,,—,,—,,—,,—,,0,,—,,—,,—,,—,,—,,—,,—,,—,,—,,—,,—,,—,,—,,—,,—,,—,,—,,—,,—,,—,,—,,—,,—,,—,,—,,—,,—,,—,
    Australia,,—,,—,,—,,5,0.00728862973760933,—,,—,,—,,—,,—,,—,,—,,6,0.00809716599190283,—,,—,,—,,—,,—,,—,,—,,—,,—,,—,,—,,—,,—,,—,,—,,—,,—,,—,,—,,—,,—,,—,,—,,—,,—,,—,,—,,—,
    Spain,,—,,—,,—,,1,0.00145772594752187,—,,—,,—,,—,,—,,—,,—,,2,0.00269905533063428,—,,—,,—,,—,,—,,—,,—,,—,,—,,—,,—,,—,,—,,—,,—,,—,,—,,—,,—,,—,,—,,—,,—,,—,,—,,—,,—,,—,
    Iceland,,—,,—,,—,,—,,—,,—,,—,,—,,—,,—,,—,,0,,—,,—,,—,,—,,—,,—,,—,,—,,—,,—,,—,,—,,—,,—,,—,,—,,—,,—,,—,,—,,—,,—,,—,,—,,—,,—,,—,,—,
Retail - Number of Locations Opened,,9,1.0,0,,4,1.0,13,1.0,13,1.0,1,1.0,8,1.0,11,1.0,8,1.0,5,1.0,4,1.0,12,1.0,7,1.0,1,1.0,2,1.0,15,1.0,6,1.0,2,1.0,—,,—,,—,,0,,2,1.0,—,,—,,—,,—,,—,,—,,—,,—,,8,1.0,—,,—,,—,,—,,—,,—,,—,,—,
  Warehouse Clubs,,9,1.0,0,,4,1.0,13,1.0,13,1.0,1,1.0,8,1.0,11,1.0,8,1.0,5,1.0,4,1.0,12,1.0,7,1.0,1,1.0,2,1.0,15,1.0,6,1.0,2,1.0,—,,—,,—,,0,,2,1.0,—,,—,,—,,—,,—,,—,,—,,—,,8,1.0,—,,—,,—,,—,,—,,—,,—,,—,
Retail - Number of Locations Closed,,1,1.0,0,,2,1.0,0,,2,1.0,0,,1,1.0,1,1.0,0,,1,1.0,2,1.0,0,,2,1.0,0,,0,,2,1.0,0,,0,,—,,—,,—,,0,,0,,—,,—,,—,,—,,—,,—,,—,,—,,0,,—,,—,,—,,—,,—,,—,,—,,—,
  Warehouse Clubs,,1,1.0,0,,2,1.0,0,,2,1.0,0,,1,1.0,1,1.0,0,,1,1.0,2,1.0,0,,2,1.0,0,,0,,2,1.0,0,,0,,—,,—,,—,,0,,0,,—,,—,,—,,—,,—,,—,,—,,—,,0,,—,,—,,—,,—,,—,,—,,—,,—,
Number of Stores by Ownership,,—,,—,,—,,686,1.0,—,,—,,—,,715,1.0,—,,—,,—,,741,1.0,—,,—,,—,,—,,—,,—,,—,,—,,—,,—,,—,,—,,—,,—,,—,,—,,—,,—,,—,,—,,—,,—,,—,,—,,—,,—,,—,,—,
  Leased,,—,,—,,—,,144,0.209912536443149,—,,—,,—,,147,0.205594405594406,—,,—,,—,,154,0.207827260458839,—,,—,,—,,—,,—,,—,,—,,—,,—,,—,,—,,—,,—,,—,,—,,—,,—,,—,,—,,—,,—,,—,,—,,—,,—,,—,,—,,—,
    Japan,,—,,—,,—,,15,0.021865889212828,—,,—,,—,,14,0.0195804195804196,—,,—,,—,,14,0.0188933873144399,—,,—,,—,,—,,—,,—,,—,,—,,—,,—,,—,,—,,—,,—,,—,,—,,—,,—,,—,,—,,—,,—,,—,,—,,—,,—,,—,,—,
    Korea,,—,,—,,—,,7,0.0102040816326531,—,,—,,—,,7,0.00979020979020979,—,,—,,—,,7,0.00944669365721997,—,,—,,—,,—,,—,,—,,—,,—,,—,,—,,—,,—,,—,,—,,—,,—,,—,,—,,—,,—,,—,,—,,—,,—,,—,,—,,—,,—,
    France,,—,,—,,—,,—,,—,,—,,—,,—,,—,,—,,—,,0,,—,,—,,—,,—,,—,,—,,—,,—,,—,,—,,—,,—,,—,,—,,—,,—,,—,,—,,—,,—,,—,,—,,—,,—,,—,,—,,—,,—,
    Australia,,—,,—,,—,,2,0.00291545189504373,—,,—,,—,,3,0.0041958041958042,—,,—,,—,,3,0.00404858299595142,—,,—,,—,,—,,—,,—,,—,,—,,—,,—,,—,,—,,—,,—,,—,,—,,—,,—,,—,,—,,—,,—,,—,,—,,—,,—,,—,,—,
    Mexico,,—,,—,,—,,0,,—,,—,,—,,0,,—,,—,,—,,0,,—,,—,,—,,—,,—,,—,,—,,—,,—,,—,,—,,—,,—,,—,,—,,—,,—,,—,,—,,—,,—,,—,,—,,—,,—,,—,,—,,—,
    Spain,,—,,—,,—,,0,,—,,—,,—,,0,,—,,—,,—,,0,,—,,—,,—,,—,,—,,—,,—,,—,,—,,—,,—,,—,,—,,—,,—,,—,,—,,—,,—,,—,,—,,—,,—,,—,,—,,—,,—,,—,
    Taiwan,,—,,—,,—,,11,0.0160349854227405,—,,—,,—,,12,0.0167832167832168,—,,—,,—,,13,0.0175438596491228,—,,—,,—,,—,,—,,—,,—,,—,,—,,—,,—,,—,,—,,—,,—,,—,,—,,—,,—,,—,,—,,—,,—,,—,,—,,—,,—,,—,
    Iceland,,—,,—,,—,,—,,—,,—,,—,,—,,—,,—,,—,,1,0.00134952766531714,—,,—,,—,,—,,—,,—,,—,,—,,—,,—,,—,,—,,—,,—,,—,,—,,—,,—,,—,,—,,—,,—,,—,,—,,—,,—,,—,,—,
    United States,,—,,—,,—,,92,0.134110787172012,—,,—,,—,,94,0.131468531468531,—,,—,,—,,98,0.13225371120108,—,,—,,—,,—,,—,,—,,—,,—,,—,,—,,—,,—,,—,,—,,—,,—,,—,,—,,—,,—,,—,,—,,—,,—,,—,,—,,—,,—,
    United Kingdom,,—,,—,,—,,6,0.0087463556851312,—,,—,,—,,6,0.00839160839160839,—,,—,,—,,6,0.00809716599190283,—,,—,,—,,—,,—,,—,,—,,—,,—,,—,,—,,—,,—,,—,,—,,—,,—,,—,,—,,—,,—,,—,,—,,—,,—,,—,,—,,—,
    Canada,,—,,—,,—,,11,0.0160349854227405,—,,—,,—,,11,0.0153846153846154,—,,—,,—,,12,0.0161943319838057,—,,—,,—,,—,,—,,—,,—,,—,,—,,—,,—,,—,,—,,—,,—,,—,,—,,—,,—,,—,,—,,—,,—,,—,,—,,—,,—,,—,
  Owned,,—,,—,,—,,542,0.790087463556851,—,,—,,—,,568,0.794405594405594,—,,—,,—,,587,0.792172739541161,—,,—,,—,,—,,—,,—,,—,,—,,—,,—,,—,,—,,—,,—,,—,,—,,—,,—,,—,,—,,—,,—,,—,,—,,—,,—,,—,,—,
    Japan,,—,,—,,—,,8,0.0116618075801749,—,,—,,—,,11,0.0153846153846154,—,,—,,—,,12,0.0161943319838057,—,,—,,—,,—,,—,,—,,—,,—,,—,,—,,—,,—,,—,,—,,—,,—,,—,,—,,—,,—,,—,,—,,—,,—,,—,,—,,—,,—,
    United Kingdom,,—,,—,,—,,21,0.0306122448979592,—,,—,,—,,22,0.0307692307692308,—,,—,,—,,22,0.0296896086369771,—,,—,,—,,—,,—,,—,,—,,—,,—,,—,,—,,—,,—,,—,,—,,—,,—,,—,,—,,—,,—,,—,,—,,—,,—,,—,,—,,—,
    United States,,—,,—,,—,,388,0.565597667638484,—,,—,,—,,407,0.569230769230769,—,,—,,—,,416,0.56140350877193,—,,—,,—,,—,,—,,—,,—,,—,,—,,—,,—,,—,,—,,—,,—,,—,,—,,—,,—,,—,,—,,—,,—,,—,,—,,—,,—,,—,
    France,,—,,—,,—,,—,,—,,—,,—,,—,,—,,—,,—,,1,0.00134952766531714,—,,—,,—,,—,,—,,—,,—,,—,,—,,—,,—,,—,,—,,—,,—,,—,,—,,—,,—,,—,,—,,—,,—,,—,,—,,—,,—,,—,
    Canada,,—,,—,,—,,78,0.113702623906706,—,,—,,—,,80,0.111888111888112,—,,—,,—,,85,0.114709851551957,—,,—,,—,,—,,—,,—,,—,,—,,—,,—,,—,,—,,—,,—,,—,,—,,—,,—,,—,,—,,—,,—,,—,,—,,—,,—,,—,,—,
    Korea,,—,,—,,—,,5,0.00728862973760933,—,,—,,—,,5,0.00699300699300699,—,,—,,—,,6,0.00809716599190283,—,,—,,—,,—,,—,,—,,—,,—,,—,,—,,—,,—,,—,,—,,—,,—,,—,,—,,—,,—,,—,,—,,—,,—,,—,,—,,—,,—,
    Mexico,,—,,—,,—,,36,0.0524781341107872,—,,—,,—,,36,0.0503496503496504,—,,—,,—,,37,0.0499325236167341,—,,—,,—,,—,,—,,—,,—,,—,,—,,—,,—,,—,,—,,—,,—,,—,,—,,—,,—,,—,,—,,—,,—,,—,,—,,—,,—,,—,
    Taiwan,,—,,—,,—,,0,,—,,—,,—,,0,,—,,—,,—,,0,,—,,—,,—,,—,,—,,—,,—,,—,,—,,—,,—,,—,,—,,—,,—,,—,,—,,—,,—,,—,,—,,—,,—,,—,,—,,—,,—,,—,
    Australia,,—,,—,,—,,5,0.00728862973760933,—,,—,,—,,5,0.00699300699300699,—,,—,,—,,6,0.00809716599190283,—,,—,,—,,—,,—,,—,,—,,—,,—,,—,,—,,—,,—,,—,,—,,—,,—,,—,,—,,—,,—,,—,,—,,—,,—,,—,,—,,—,
    Spain,,—,,—,,—,,1,0.00145772594752187,—,,—,,—,,2,0.0027972027972028,—,,—,,—,,2,0.00269905533063428,—,,—,,—,,—,,—,,—,,—,,—,,—,,—,,—,,—,,—,,—,,—,,—,,—,,—,,—,,—,,—,,—,,—,,—,,—,,—,,—,,—,
    Iceland,,—,,—,,—,,—,,—,,—,,—,,—,,—,,—,,—,,0,,—,,—,,—,,—,,—,,—,,—,,—,,—,,—,,—,,—,,—,,—,,—,,—,,—,,—,,—,,—,,—,,—,,—,,—,,—,,—,,—,,—,
Ticket or Ticket per Transaction,,—,,—,,—,,—,,—,,—,,—,,—,,—,,—,,—,,—,,—,,—,,—,,—,,—,,—,,—,,—,,—,,—,,—,,—,,—,,—,,—,,—,,—,,—,,—,,—,,—,,—,,—,,—,,—,,—,,—,,—,
  Warehouse Clubs,,2.5,,-3.5,,-4,,-1,,-4,,-2.5,,-2.7,,-2.8,,—,,—,,—,,2.1,,—,,4.6,,—,,—,,—,,—,,—,,—,,—,,—,,—,,—,,—,,—,,7.3,,5.8,,—,,—,,—,,—,,—,,—,,—,,—,,—,,—,,—,,—,
Warehouse Club Membership Base,,77500,1.0,78700,1.0,79600,1.0,81300,1.0,82700,1.0,84000,1.0,85500,1.0,86700,1.0,65600,1.0,88100,1.0,88900,1.0,90300,1.0,91500,1.0,92200,1.0,93000,1.0,94300,1.0,95400,1.0,96300,1.0,97200,1.0,98500,1.0,99900,1.0,100900,1.0,101800,1.0,105500,1.0,107100,1.0,108300,1.0,109800,1.0,111600,1.0,111600,1.0,114800,1.0,116600,1.0,118900,1.0,120900,1.0,123000,1.0,124700,1.0,127900,1.0,129500,1.0,132000,1.0,133900,1.0,136800,1.0
  Paid Members,,42500,0.548387096774194,43200,0.548919949174079,43700,0.548994974874372,44600,0.548585485854859,45400,0.548972188633616,46100,0.548809523809524,46900,0.548538011695906,47600,0.549019607843137,47900,0.730182926829268,48300,0.548240635641317,48600,0.546681664791901,49400,0.547065337763012,49900,0.545355191256831,50400,0.546637744034707,50900,0.547311827956989,51600,0.547189819724284,52200,0.547169811320755,52700,0.547248182762201,53100,0.546296296296296,53900,0.547208121827411,54700,0.547547547547548,55300,0.54806739345887,55800,0.548133595284872,58100,0.550710900473934,59100,0.551820728291317,59700,0.551246537396122,60600,0.551912568306011,61700,0.552867383512545,62500,0.560035842293907,63400,0.552264808362369,64400,0.552315608919382,65800,0.55340622371741,66900,0.553349875930521,68100,0.553658536585366,69100,0.554129911788292,71000,0.55512118842846,72000,0.555984555984556,73400,0.556060606060606,74500,0.556385362210605,76200,0.557017543859649
"    Business, Including Affiliates",,—,,—,,—,,10600,0.130381303813038,—,,—,,—,,10800,0.124567474048443,—,,—,,—,,10800,0.119601328903654,—,,—,,—,,10900,0.11558854718982,—,,—,,—,,11000,0.111675126903553,—,,—,,—,,11300,0.107109004739336,—,,—,,—,,—,,—,,—,,—,,11800,0.0992430613961312,—,,—,,—,,12200,0.0953870211102424,—,,—,,—,,—,
    Gold Star,,—,,—,,—,,34000,0.41820418204182,—,,—,,—,,36800,0.424452133794694,—,,—,,—,,38600,0.427464008859358,—,,—,,—,,40700,0.431601272534464,—,,—,,—,,42900,0.435532994923858,—,,—,,—,,46800,0.443601895734597,—,,—,,—,,—,,—,,—,,—,,54000,0.454163162321278,—,,—,,—,,58800,0.459734167318217,—,,—,,—,,—,
  Household Card,,35000,0.451612903225806,35500,0.451080050825921,35900,0.451005025125628,36700,0.451414514145141,37300,0.451027811366385,37900,0.451190476190476,38600,0.451461988304094,39100,0.450980392156863,17700,0.269817073170732,39800,0.451759364358683,40300,0.453318335208099,40900,0.452934662236988,41600,0.454644808743169,41800,0.453362255965293,42100,0.452688172043011,42700,0.452810180275716,43200,0.452830188679245,43600,0.452751817237799,44100,0.453703703703704,44600,0.452791878172589,45200,0.452452452452452,45600,0.45193260654113,46000,0.451866404715128,47400,0.449289099526066,48000,0.448179271708683,48600,0.448753462603878,49200,0.448087431693989,49900,0.447132616487455,49100,0.439964157706093,51400,0.447735191637631,52200,0.447684391080617,53100,0.44659377628259,54000,0.446650124069479,54900,0.446341463414634,55600,0.445870088211708,56900,0.44487881157154,57500,0.444015444015444,58600,0.443939393939394,59400,0.443614637789395,60600,0.442982456140351
    Executive,,15200,0.196129032258065,15400,0.195679796696315,15700,0.197236180904523,16100,0.198031980319803,16400,0.198307134220073,16600,0.197619047619048,17000,0.198830409356725,17400,0.200692041522491,17700,0.269817073170732,17900,0.203178206583428,18300,0.205849268841395,18500,0.204872646733112,18800,0.205464480874317,18800,0.203904555314534,19000,0.204301075268817,19300,0.204665959703075,19700,0.206498951781971,20000,0.207684319833853,20400,0.209876543209877,20800,0.211167512690355,21400,0.214214214214214,21700,0.215064420218038,21800,0.214145383104126,22600,0.214218009478673,23300,0.217553688141923,23800,0.219759926131117,24600,0.224043715846995,25600,0.229390681003584,26500,0.237455197132616,27100,0.236062717770035,27900,0.239279588336192,29100,0.244743481917578,30000,0.248138957816377,30600,0.248780487804878,31300,0.251002405773857,32300,0.252541047693511,33200,0.256370656370656,33900,0.256818181818182,34500,0.25765496639283,35400,0.258771929824561
Source: Bloomberg,,,,,,,,,,,,,,,,,,,,,,,,,,,,,,,,,,,,,,,,,,,,,,,,,,,,,,,,,,,,,,,,,,,,,,,,,,,,,,,,,
