Unnamed: 0,Unnamed: 1,Unnamed: 2,Unnamed: 3,Unnamed: 4,Unnamed: 5,Unnamed: 6,Unnamed: 7,Unnamed: 8,Unnamed: 9,Unnamed: 10,Unnamed: 11,Unnamed: 12,Unnamed: 13,Unnamed: 14,Unnamed: 15,Unnamed: 16,Unnamed: 17,Unnamed: 18,Unnamed: 19,Unnamed: 20,Unnamed: 21,Unnamed: 22,Unnamed: 23,Unnamed: 24,Unnamed: 25,Unnamed: 26,Unnamed: 27,Unnamed: 28,Unnamed: 29,Unnamed: 30,Unnamed: 31,Unnamed: 32,Unnamed: 33,Unnamed: 34,Unnamed: 35,Unnamed: 36,Unnamed: 37
Microsoft Corp (MSFT US) - By Segment,,,,,,,,,,,,,,,,,,,,,,,,,,,,,,,,,,,,,
,,,,,,,,,,,,,,,,,,,,,,,,,,,,,,,,,,,,,
In Millions of USD except Per Share,,Q1 2006,Q2 2006,Q3 2006,Q4 2006,Q1 2007,Q2 2007,Q3 2007,Q4 2007,Q1 2008,Q2 2008,Q3 2008,Q4 2008,Q1 2009,Q2 2009,Q3 2009,Q4 2009,Q1 2010,Q2 2010,Q3 2010,Q4 2010,Q1 2011,Q2 2011,Q3 2011,Q4 2011,Q1 2012,Q2 2012,Q3 2012,Q4 2012,Q1 2013,Q2 2013,Q3 2013,Q4 2013,Q1 2014,Q2 2014,Q3 2014,Q4 2014
3 Months Ending,,09/30/2005,12/31/2005,03/31/2006,06/30/2006,09/30/2006,12/31/2006,03/31/2007,06/30/2007,09/30/2007,12/31/2007,03/31/2008,06/30/2008,09/30/2008,12/31/2008,03/31/2009,06/30/2009,09/30/2009,12/31/2009,03/31/2010,06/30/2010,09/30/2010,12/31/2010,03/31/2011,06/30/2011,09/30/2011,12/31/2011,03/31/2012,06/30/2012,09/30/2012,12/31/2012,03/31/2013,06/30/2013,09/30/2013,12/31/2013,03/31/2014,06/30/2014
Devices and Consumer,,,,,,,,,,,,,,,,,,,,,,,,,,,,,,,,,,,,,
  Revenue,,—,—,—,—,—,—,—,—,—,—,—,—,—,—,—,—,—,—,—,—,—,—,—,—,—,—,—,—,7162,10510,7410,7018,7447,11888,8293,10000
  Operating Income,,—,—,—,—,—,—,—,—,—,—,—,—,—,—,—,—,—,—,—,—,—,—,—,—,—,—,—,—,2851,3552,2198,666,2161,2601,2369,1508
  Goodwill,,—,—,—,—,—,—,—,—,—,—,—,—,—,—,—,—,—,—,—,—,—,—,—,—,—,—,—,—,—,—,—,3293,3285,3294,3296,8658
  Gross Profit,,—,—,—,—,—,—,—,—,—,—,—,—,—,—,—,—,—,—,—,—,—,—,—,—,—,—,—,—,4913,6779,4752,3602,4449,5779,4666,4925
  Revenue Growth %,,—,—,—,—,—,—,—,—,—,—,—,—,—,—,—,—,—,—,—,—,—,—,—,—,—,—,—,—,—,—,—,—,4,13,12,42
  Total Operating Expense,,—,—,—,—,—,—,—,—,—,—,—,—,—,—,—,—,—,—,—,—,—,—,—,—,—,—,—,—,2062,3227,2554,2782,2288,3178,2336,3417
Commercial,,,,,,,,,,,,,,,,,,,,,,,,,,,,,,,,,,,,,
  Revenue,,—,—,—,—,—,—,—,—,—,—,—,—,—,—,—,—,—,—,—,—,—,—,—,—,—,—,—,—,10193,11524,11428,12201,11213,12686,12237,13484
  Operating Income,,—,—,—,—,—,—,—,—,—,—,—,—,—,—,—,—,—,—,—,—,—,—,—,—,—,—,—,—,4653,5696,5237,5566,5057,6306,5748,6362
  Goodwill,,—,—,—,—,—,—,—,—,—,—,—,—,—,—,—,—,—,—,—,—,—,—,—,—,—,—,—,—,—,—,—,11362,11382,11386,11455,11469
  Gross Profit,,—,—,—,—,—,—,—,—,—,—,—,—,—,—,—,—,—,—,—,—,—,—,—,—,—,—,—,—,8288,9542,9349,10003,9079,10495,9907,10987
  Revenue Growth %,,—,—,—,—,—,—,—,—,—,—,—,—,—,—,—,—,—,—,—,—,—,—,—,—,—,—,—,—,—,—,—,—,10,10,7,11
  Total Operating Expense,,—,—,—,—,—,—,—,—,—,—,—,—,—,—,—,—,—,—,—,—,—,—,—,—,—,—,—,—,3635,3846,4112,4457,4022,4189,4157,4625
  Changes in Deferred Revenue,,—,—,—,—,—,—,—,—,—,—,—,—,—,—,—,—,—,—,—,—,—,—,—,—,—,—,—,—,—,—,—,23033,18259,17765,17535,23033
  Unearned Revenue Balance,,—,—,—,—,—,—,—,—,—,—,—,—,—,—,—,—,—,—,—,—,—,—,—,—,—,—,—,—,—,—,—,22399,—,—,—,—
Corporate and Other,,,,,,,,,,,,,,,,,,,,,,,,,,,,,,,,,,,,,
  Revenue,,—,—,—,—,—,—,—,—,—,—,—,—,—,—,—,—,—,—,—,—,—,—,—,—,—,—,—,—,-1347,-578,1651,677,-131,-55,-127,-102
  Operating Income,,—,—,—,—,—,—,—,—,—,—,—,—,—,—,—,—,—,—,—,—,—,—,—,—,—,—,—,—,-2196,-1477,177,-159,-884,-938,-1143,-1388
  Gross Profit,,—,—,—,—,—,—,—,—,—,—,—,—,—,—,—,—,—,—,—,—,—,—,—,—,—,—,—,—,-1361,-557,1601,689,-144,-77,-148,-125
  Unearned Revenue Balance,,—,—,—,—,—,—,—,—,—,—,—,—,—,—,—,—,—,—,—,—,—,—,—,—,—,—,—,—,—,—,—,1667,1955,1709,1977,2125
  Total Operating Expense,,—,—,—,—,—,—,—,—,—,—,—,—,—,—,—,—,—,—,—,—,—,—,—,—,—,—,—,—,835,920,1424,846,740,861,995,992
  Changes in Deferred Revenue,,—,—,—,—,—,—,—,—,—,—,—,—,—,—,—,—,—,—,—,—,—,—,—,—,—,—,—,—,—,—,—,2125,1955,1709,1977,2125
  Revenue Growth %,,—,—,—,—,—,—,—,—,—,—,—,—,—,—,—,—,—,—,—,—,—,—,—,—,—,—,—,—,—,—,—,—,90,90,—,—
Xbox,,,,,,,,,,,,,,,,,,,,,,,,,,,,,,,,,,,,,
  Number of Units Sold,,—,1500000,1700000,1800000,900000,4400000,500000,800000,1800000,4300000,1300000,1300000,2200000,6000000,1700000,1200000,2100000,5200000,1500000,1500000,2800000,6300000,2700000,1700000,2300000,8200000,1400000,1100000,—,5900000,1400000,1000000,1200000,7400000,2000000,1100000
Licensing,,,,,,,,,,,,,,,,,,,,,,,,,,,,,,,,,,,,,
  Unearned Revenue Balance,,—,—,—,—,—,—,—,—,—,—,—,—,—,—,—,—,—,—,—,—,—,—,—,—,—,—,—,—,—,—,—,—,16270,15592,15141,—
Other,,,,,,,,,,,,,,,,,,,,,,,,,,,,,,,,,,,,,
  Unearned Revenue Balance,,—,—,—,—,—,—,—,—,—,—,—,—,—,—,—,—,—,—,—,—,—,—,—,—,—,—,—,—,—,—,—,—,1989,2173,2394,—
Reconciliation,,,,,,,,,,,,,,,,,,,,,,,,,,,,,,,,,,,,,
  Total Operating Expense,,—,—,—,—,—,—,—,—,—,—,—,—,—,—,—,—,—,—,—,—,—,—,—,—,—,—,—,—,—,—,—,136,—,—,—,—
  Operating Income,,-1311,—,-1274,-1532,-940,-1079,—,-1744,-1006,-1346,-2779,-1587,-1428,-1316,-1691,-1128,-959,830,—,-1095,-909,-720,-1160,—,-1144,-9872,-1362,—,—,—,—,—,—,—,—,—
  Revenue,,—,—,—,—,—,—,—,—,—,—,—,-158,—,—,—,—,—,—,—,—,—,—,—,—,—,—,—,—,—,—,—,—,—,—,—,—
Entertainment and Devices Division,,,,,,,,,,,,,,,,,,,,,,,,,,,,,,,,,,,,,
  Goodwill,,—,—,—,400,—,—,—,419,—,429,—,752,776,773,774,804,804,804,803,802,782,811,813,—,812,5083,5086,—,—,—,5104,—,—,—,—,—
  Revenue Growth %,,51,40,46,—,70,76,-21,—,91,3,68,37,-6,3,-2,-25,0,-11,2,27,27,55,60,—,9,15,-16,20,-1,—,56,—,—,—,—,—
  Operating Income Growth %,,-2,-1,-122,—,45,-1,22,—,—,—,—,85,7,-60,—,24,96,188,—,-22,47,86,50,—,-9,-21,—,—,-94,—,—,—,—,—,—,—
  Revenue,,606,1703,1182,1281,1011,2969,1100,1160,1929,3060,1576,1575,1814,3183,1567,1189,1891,2938,1215,1600,1769,3728,1937,—,1968,4238,1612,—,—,—,—,—,—,—,—,—
  Operating Income,,-182,-275,-438,-423,-142,-302,-324,-1124,165,357,89,-188,178,151,-31,-141,312,361,135,-172,375,706,221,—,351,954,-232,—,—,—,—,—,—,—,—,—
  Changes in Deferred Revenue,,358,—,358,—,—,—,433,—,—,—,472,—,—,—,—,—,—,—,—,—,—,—,—,—,—,—,—,—,—,—,—,—,—,—,—,—
Microsoft Business Division,,,,,,,,,,,,,,,,,,,,,,,,,,,,,,,,,,,,,
  Goodwill,,—,—,—,2681,—,—,—,3132,—,3225,—,4191,4083,3894,3966,3927,3998,3996,4092,4024,4102,4091,4140,—,4119,6927,6963,—,—,—,7899,—,—,—,—,—
  Revenue Growth %,,16,17,21,—,4,-5,34,—,20,37,-2,14,20,1,-5,-13,-11,-3,-6,15,14,24,21,—,8,3,9,7,2,—,8,—,—,—,—,—
  Operating Income Growth %,,61,-55,67,—,0,-11,42,—,21,48,-8,12,23,-1,-8,-16,-10,0,-5,21,20,35,25,—,6,2,14,—,-2,—,8,—,—,—,—,—
  Changes in Deferred Revenue,,4783,4783,4783,3609,4301,4863,4341,5771,5080,5359,5253,7101,6204,6077,5593,6508,5920,5680,5657,—,6573,6171,5836,—,7428,7085,6694,—,—,—,8404,—,—,—,—,—
  Unearned Revenue Balance,,4783,4783,4783,5771,4301,4863,4341,5771,5080,5359,5253,7101,6204,6077,5593,6508,5920,5680,5657,7004,6573,6171,5836,7950,7428,7085,6694,9015,8266,8904,—,—,—,—,—,—
  Revenue,,3283,3718,3637,3905,3425,3457,4896,4632,4069,4755,4815,5359,4901,4816,4591,4657,4377,4749,4649,5250,5193,5890,5343,—,5618,6296,5838,—,—,—,—,—,—,—,—,—
  Operating Income,,2247,2500,2406,2526,2227,2152,3399,3060,2694,3185,3138,3341,3311,3140,2877,2706,2863,2914,2826,3284,3438,3865,3326,—,3701,8198,3792,—,—,—,—,—,—,—,—,—
Server and Tools,,,,,,,,,,,,,,,,,,,,,,,,,,,,,,,,,,,,,
  Goodwill,,—,—,—,256,—,—,—,580,—,655,—,738,971,971,1046,1038,1070,1119,1119,1118,1125,1138,1139,—,1144,1144,1144,—,—,—,1354,—,—,—,—,—
  Revenue Growth %,,13,14,16,—,17,17,15,—,16,15,18,21,17,15,7,-6,0,2,2,14,12,10,11,—,10,11,14,13,8,—,11,—,—,—,—,—
  Operating Income Growth %,,28,16,30,—,36,35,32,—,25,19,20,39,20,29,24,-1,23,8,3,28,32,21,12,—,4,17,29,—,12,—,17,—,—,—,—,—
  Changes in Deferred Revenue,,2910,2910,2910,3792,2648,2702,2825,3652,3449,3746,3890,5007,4424,4303,4104,4732,4424,4227,4242,—,4987,4938,4883,—,5720,5612,5743,—,—,—,6496,—,—,—,—,—
  Unearned Revenue Balance,,2910,2910,2910,3652,2648,2702,2825,3652,3449,3746,3890,5007,4424,4303,4104,4732,4424,4227,4242,5282,4987,4938,4883,6552,5720,5612,5743,7445,6654,6544,—,—,—,—,—,—
  Revenue,,2127,2450,2396,2691,2499,2843,2748,3083,2900,3278,3255,3737,3406,3743,3467,3510,3434,3848,3709,4012,3866,4291,4009,—,4217,4740,4534,—,—,—,—,—,—,—,—,—
  Operating Income,,666,839,748,916,771,981,911,1237,962,1172,1092,1373,1151,1489,1344,1206,1283,1370,1227,1546,1551,1723,1361,—,1573,3872,1692,—,—,—,—,—,—,—,—,—
Online Services Division,,,,,,,,,,,,,,,,,,,,,,,,,,,,,,,,,,,,,
  Goodwill,,—,—,—,455,—,—,—,552,—,5923,—,6274,6308,6699,6692,6657,6633,6372,6372,6373,6373,6373,6373,—,6373,6427,6416,—,—,—,224,—,—,—,—,—
  Revenue Growth %,,4,5,5,—,-4,5,11,—,25,38,40,24,15,0,-14,-13,-6,-5,12,13,8,19,14,—,19,10,6,8,9,—,18,—,—,—,—,—
  Operating Income Growth %,,—,0,—,—,—,-367,—,—,—,-108,-33,-132,-80,-91,-154,-51,-50,-46,-73,-19,-17,-17,-2,—,11,18,38,—,29,—,45,—,—,—,—,—
  Changes in Deferred Revenue,,—,—,—,—,—,—,—,—,—,—,—,—,—,—,—,—,—,—,—,—,—,—,—,—,882,1112,1301,—,—,—,1412,—,—,—,—,—
  Revenue,,564,596,562,580,539,625,603,688,671,863,843,838,770,866,721,731,490,581,566,565,543,729,687,—,658,798,725,—,—,—,—,—,—,—,—,—
  Operating Income,,75,125,-29,-176,-102,-118,-171,-341,-264,-245,-228,-488,-480,-471,-575,-585,-480,-478,-729,-696,-549,-557,-779,—,-513,-642,-476,—,—,—,—,—,—,—,—,—
Windows Division,,,,,,,,,,,,,,,,,,,,,,,,,,,,,,,,,,,,,
  Goodwill,,—,—,—,74,—,—,—,77,—,77,—,153,153,153,76,77,77,77,77,77,89,89,89,—,89,89,89,—,—,—,101,—,—,—,—,—
  Revenue Growth %,,7,9,8,—,4,-25,67,—,25,68,-24,15,2,-8,-16,-29,-39,70,28,44,66,-30,-4,—,2,-6,4,-13,-33,—,23,—,—,—,—,—
  Operating Income Growth %,,7,4,6,—,3,-29,70,—,27,83,-26,16,-4,-13,-19,-33,-52,99,35,59,124,-40,-10,—,-1,-11,6,—,-50,—,16,—,—,—,—,—
  Changes in Deferred Revenue,,2851,2851,2851,2850,2804,3953,2684,2875,2673,2620,2524,2738,2402,2178,2015,2345,3638,1736,1498,—,1570,1467,1370,—,1628,1525,1453,—,—,—,1593,—,—,—,—,—
  Unearned Revenue Balance,,2851,2851,2851,2875,2804,3953,2684,2875,2673,2620,2524,2738,2402,2178,2015,2345,3638,1736,1498,1701,1570,1467,1370,1782,1628,1525,1453,2444,3439,2736,—,—,—,—,—,—
  Revenue,,3430,3464,3151,3347,3572,2636,5211,3808,4150,4428,3965,4486,4229,3982,3404,3150,2620,5073,4508,4548,4705,4988,4395,—,4838,4714,4614,—,—,—,—,—,—,—,—,—
  Operating Income,,2551,2706,2475,2570,2660,1838,4204,2901,3367,3358,3097,3228,3267,2946,2514,1929,1463,3516,2919,3063,3210,3148,2740,—,3235,5484,2960,—,—,—,—,—,—,—,—,—
  Unit Growth (YOY)- Range [High],,—,—,—,—,—,—,—,—,—,—,—,22,—,—,—,—,—,—,—,—,—,—,—,—,—,—,—,—,—,—,—,—,—,—,—,—
Unallocated and Other,,,,,,,,,,,,,,,,,,,,,,,,,,,,,,,,,,,,,
  Unearned Revenue Balance,,358,358,358,348,344,343,433,348,370,453,472,451,447,508,600,699,786,885,863,843,789,841,930,836,882,1112,1301,1155,1228,1629,—,—,—,—,—,—
  Revenue,,—,-94,—,—,—,—,—,—,—,—,—,—,—,—,—,-3,—,1833,-144,64,119,327,57,—,73,99,84,—,—,—,—,—,—,—,—,—
  Changes in Deferred Revenue,,—,358,—,651,344,343,—,348,370,453,—,451,447,508,600,699,786,885,863,—,789,841,930,—,—,—,—,—,—,—,—,—,—,—,—,—
  Operating Income Growth %,,—,—,—,—,—,—,—,—,—,—,—,—,—,—,42,10,—,—,—,3,—,—,—,—,—,—,—,—,—,—,—,—,—,—,—,—
  Operating Income,,—,-1238,—,—,—,—,—,—,—,—,—,—,—,—,—,—,—,—,-1205,—,—,—,—,—,—,—,—,—,—,—,—,—,—,—,—,—
Xbox 360 Platform,,,,,,,,,,,,,,,,,,,,,,,,,,,,,,,,,,,,,
  Number of Units Sold,,—,—,—,—,—,—,—,—,—,—,—,—,—,—,—,—,—,—,—,—,—,—,—,—,—,—,—,—,1700000,—,—,—,—,—,—,—
Adjustment,,,,,,,,,,,,,,,,,,,,,,,,,,,,,,,,,,,,,
  Revenue,,-269,—,-28,—,-235,—,-160,0,43,-17,0,—,-59,39,-102,-135,108,0,0,0,0,0,0,—,0,0,0,—,—,—,—,—,—,—,—,—
Kinect Sensors,,,,,,,,,,,,,,,,,,,,,,,,,,,,,,,,,,,,,
  Number of Units Sold,,—,—,—,—,—,—,—,—,—,—,—,—,—,—,—,—,—,—,—,—,—,8000000,2400000,—,—,—,—,—,—,—,—,—,—,—,—,—
Source: Bloomberg,,,,,,,,,,,,,,,,,,,,,,,,,,,,,,,,,,,,,
