Unnamed: 0,Unnamed: 1,Unnamed: 2,Unnamed: 3,Unnamed: 4,Unnamed: 5,Unnamed: 6,Unnamed: 7,Unnamed: 8,Unnamed: 9,Unnamed: 10,Unnamed: 11,Unnamed: 12,Unnamed: 13,Unnamed: 14,Unnamed: 15,Unnamed: 16,Unnamed: 17,Unnamed: 18,Unnamed: 19,Unnamed: 20,Unnamed: 21,Unnamed: 22,Unnamed: 23,Unnamed: 24,Unnamed: 25,Unnamed: 26,Unnamed: 27,Unnamed: 28,Unnamed: 29,Unnamed: 30,Unnamed: 31,Unnamed: 32,Unnamed: 33,Unnamed: 34,Unnamed: 35,Unnamed: 36,Unnamed: 37,Unnamed: 38,Unnamed: 39,Unnamed: 40,Unnamed: 41,Unnamed: 42,Unnamed: 43,Unnamed: 44,Unnamed: 45,Unnamed: 46,Unnamed: 47,Unnamed: 48,Unnamed: 49,Unnamed: 50,Unnamed: 51,Unnamed: 52,Unnamed: 53,Unnamed: 54,Unnamed: 55,Unnamed: 56,Unnamed: 57,Unnamed: 58,Unnamed: 59,Unnamed: 60,Unnamed: 61,Unnamed: 62,Unnamed: 63,Unnamed: 64,Unnamed: 65,Unnamed: 66,Unnamed: 67,Unnamed: 68,Unnamed: 69,Unnamed: 70,Unnamed: 71,Unnamed: 72,Unnamed: 73,Unnamed: 74,Unnamed: 75,Unnamed: 76,Unnamed: 77,Unnamed: 78,Unnamed: 79,Unnamed: 80,Unnamed: 81
Costco Wholesale Corp (COST US) - By Measure,,,,,,,,,,,,,,,,,,,,,,,,,,,,,,,,,,,,,,,,,,,,,,,,,,,,,,,,,,,,,,,,,,,,,,,,,,,,,,,,,
,,,,,,,,,,,,,,,,,,,,,,,,,,,,,,,,,,,,,,,,,,,,,,,,,,,,,,,,,,,,,,,,,,,,,,,,,,,,,,,,,
In Millions of USD except Per Share,,Q1 2005,,Q2 2005,,Q3 2005,,Q4 2005,,Q1 2006,,Q2 2006,,Q3 2006,,Q4 2006,,Q1 2007,,Q2 2007,,Q3 2007,,Q4 2007,,Q1 2008,,Q2 2008,,Q3 2008,,Q4 2008,,Q1 2009,,Q2 2009,,Q3 2009,,Q4 2009,,Q1 2010,,Q2 2010,,Q3 2010,,Q4 2010,,Q1 2011,,Q2 2011,,Q3 2011,,Q4 2011,,Q1 2012,,Q2 2012,,Q3 2012,,Q4 2012,,Q1 2013,,Q2 2013,,Q3 2013,,Q4 2013,,Q1 2014,,Q2 2014,,Q3 2014,,Q4 2014,
3 Months Ending,,11/21/2004,,02/13/2005,,05/08/2005,,08/28/2005,,11/20/2005,,02/12/2006,,05/07/2006,,09/03/2006,,11/26/2006,,02/18/2007,,05/13/2007,,09/02/2007,,11/25/2007,,02/17/2008,,05/11/2008,,08/31/2008,,11/23/2008,,02/15/2009,,05/10/2009,,08/30/2009,,11/22/2009,,02/14/2010,,05/09/2010,,08/29/2010,,11/21/2010,,02/13/2011,,05/08/2011,,08/28/2011,,11/20/2011,,02/12/2012,,05/06/2012,,09/02/2012,,11/25/2012,,02/17/2013,,05/12/2013,,09/01/2013,,11/24/2013,,02/16/2014,,05/11/2014,,08/31/2014,
Revenue,,11578.003,1.0,12658.077,1.0,11996.9,1.0,16719.246,1.0,12933.346,1.0,14059.012,1.0,13273.175,1.0,19875.221,1.0,14151.624,1.0,15112.016,1.0,14659.255,1.0,20477.26,1.0,15809.53,1.0,16959.886,1.0,16613.717,1.0,23099.887,1.0,16395,1.0,16843,1.0,15806,1.0,22378,1.0,17299,1.0,18742,1.0,17780,1.0,24125,1.0,19239,1.0,20875,1.0,20623,1.0,28178,1.0,21628,1.0,22967,1.0,22324,1.0,32218,1.0,23715,1.0,24871,1.0,24083,1.0,32487,1.0,25017,1.0,26306,1.0,25794,1.0,35523,1.0
  Warehouse Clubs,,11339.944,0.979438682128516,12412.578,0.980605347873931,11747.113,0.979179037918129,16379.435,0.979675459048811,12670.792,0.97969945287167,13789.246,0.98081188066416,12996.942,0.979188626685024,19495.727,0.980906174577883,13852.321,0.97885027188399,14804.696,0.979663864834447,14341.52,0.978325296885824,20089.064,0.98104258089217,15471.5,0.978618592709587,16616.962,0.979780288617506,16262.793,0.978877454094108,22626.229,0.979495224370578,16036,0.97810308020738,16488,0.978922994715906,15477,0.979185119574845,21888,0.97810349450353,16922,0.9782068327649,18356,0.979404545939601,17385,0.977784026996625,23592,0.977906735751295,18823,0.978377254535059,20449,0.979592814371257,20188,0.978907045531688,27588,0.979061679324296,21181,0.979332346957647,22508,0.980014803849001,21849,0.978722451173625,31524,0.978459246384009,23204,0.978452456251318,24343,0.978770455550641,23552,0.977951251920442,31771,0.977960414935205,24468,0.978054922652596,25756,0.979092222306698,25233,0.978250755989765,34755,0.97838020437463
  Membership Fees,,238.059,0.0205613178714844,245.499,0.0193946521260694,249.787,0.0208209620818712,339.811,0.0203245409511888,262.554,0.0203005471283301,269.766,0.0191881193358395,276.233,0.0208113733149755,379.494,0.0190938254221173,299.303,0.0211497281160099,307.32,0.020336135165553,317.735,0.021674703114176,388.196,0.0189574191078299,338.03,0.0213814072904128,342.924,0.020219711382494,350.924,0.0211225459058921,473.658,0.0205047756294219,359,0.0218969197926197,355,0.0210770052840943,329,0.020814880425155,490,0.0218965054964698,377,0.0217931672351003,386,0.0205954540603991,395,0.0222159730033746,533,0.0220932642487047,416,0.021622745464941,426,0.0204071856287425,435,0.0210929544683121,590,0.0209383206757045,447,0.0206676530423525,459,0.0199851961509993,475,0.0212775488263752,694,0.0215407536159911,511,0.0215475437486823,528,0.0212295444493587,531,0.0220487480795582,716,0.0220395850647951,549,0.0219450773474038,550,0.0209077776933019,561,0.0217492440102349,768,0.0216197956253695
Same Store Sales %,,—,,—,,—,,—,,—,,—,,—,,—,,—,,—,,—,,—,,—,,—,,—,,—,,—,,—,,—,,—,,—,,—,,—,,—,,—,,—,,—,,—,,—,,—,,—,,—,,—,,—,,—,,—,,—,,—,,—,,—,
  Warehouse Clubs,,—,,—,,—,,—,,—,,—,,—,,—,,—,,—,,—,,—,,—,,—,,—,,9,,1,,5,,2,,-5,,3,,3,,4,,4,,5,,4,,7,,7,,7,,7,,5,,6,,6,,5,,7,,5,,5,,5,,6,,7,
Same Store Sales % with fuel,,—,,—,,—,,—,,—,,—,,—,,—,,—,,—,,—,,—,,—,,—,,—,,—,,—,,—,,—,,—,,—,,—,,—,,—,,—,,—,,—,,—,,—,,—,,—,,—,,—,,—,,—,,—,,—,,—,,—,,—,
  Warehouse Clubs,,7,,7,,7,,7,,9,,7,,7,,8,,-4,,5,,7,,6,,8,,7,,8,,9,,1,,-3,,-7,,1,,3,,9,,10,,6,,7,,7,,12,,7,,10,,8,,5,,5,,7,,5,,5,,5,,3,,3,,4,,6,
Total Square Feet/Meter,,57489.028,1.0,58162.76,1.0,58495.71,1.0,59352.41,1.0,61654.831,1.0,61939.831,1.0,62846.57,1.0,64214.081,1.0,65856.325,1.0,66572.325,1.0,67464.625,1.0,68668.068,1.0,69691.072,1.0,70964.582,1.0,71334.844,1.0,72451.456,1.0,73675.937,1.0,73675.937,1.0,74280.605,1.0,79937,1.0,75815.264,1.0,76032.394,1.0,76189.956,1.0,81796,1.0,82000,1.0,84084,1.0,82916,1.0,84415,1.0,84982,1.0,84998,1.0,85885,1.0,86944,1.0,88259,1.0,88986,1.0,89709,1.0,90800,1.0,92654,1.0,93098,1.0,93700,1.0,95472,1.0
  Warehouse Clubs,,57489.028,1.0,58162.76,1.0,58495.71,1.0,59352.41,1.0,61654.831,1.0,61939.831,1.0,62846.57,1.0,64214.081,1.0,65856.325,1.0,66572.325,1.0,67464.625,1.0,68668.068,1.0,69691.072,1.0,70964.582,1.0,71334.844,1.0,72451.456,1.0,73675.937,1.0,73675.937,1.0,74280.605,1.0,79937,1.0,75815.264,1.0,76032.394,1.0,76189.956,1.0,81796,1.0,82000,1.0,84084,1.0,82916,1.0,84415,1.0,84982,1.0,84998,1.0,85885,1.0,86944,1.0,88259,1.0,88986,1.0,89709,1.0,90800,1.0,92654,1.0,93098,1.0,93700,1.0,95472,1.0
Same Store Sales Foreign Exchange Effect,,—,,—,,—,,—,,—,,—,,—,,—,,—,,—,,—,,—,,—,,—,,—,,—,,—,,—,,—,,—,,—,,—,,—,,—,,—,,—,,—,,—,,—,,—,,—,,—,,—,,—,,—,,—,,—,,—,,—,,—,
  Warehouse Clubs,,—,,—,,—,,—,,—,,—,,—,,—,,—,,—,,—,,—,,2.5,,1.85,,2.2,,6,,3,,4,,4,,-2,,-3.2,,3.06,,3.65,,0,,1.2,,1.21,,1.75,,2,,0.27,,-0.57,,-0.75,,0,,0.55,,0.58,,0.85,,0,,-0.153,,-0.207,,-1.46,,-0.5,
Same Store Sales Cannibalization Effect,,—,,—,,—,,—,,—,,—,,—,,—,,—,,—,,—,,—,,—,,—,,—,,—,,—,,—,,—,,—,,—,,—,,—,,—,,—,,—,,—,,—,,—,,—,,—,,—,,—,,—,,—,,—,,—,,—,,—,,—,
  Warehouse Clubs,,—,,—,,—,,—,,—,,—,,—,,—,,—,,—,,—,,—,,1.1,,1,,1,,0.7,,0.5,,0.2,,0.35,,0.4,,0,,0.5,,0,,0.3,,0.35,,0,,—,,0,,0,,0,,0,,0,,0,,0.5,,0.6,,—,,—,,—,,—,,—,
Same Store Sales Gas Effect,,—,,—,,—,,—,,—,,—,,—,,—,,—,,—,,—,,—,,—,,—,,—,,—,,—,,—,,—,,—,,—,,—,,—,,—,,—,,—,,—,,—,,—,,—,,—,,—,,—,,—,,—,,—,,—,,—,,—,,—,
  Warehouse Clubs,,—,,—,,—,,—,,—,,—,,—,,—,,—,,—,,—,,—,,1.5,,2.2,,2.25,,3,,0,,-3,,4,,6,,1.2,,2.71,,2.7,,2,,0.8,,1.32,,3.4,,3,,2.42,,0.98,,0.7,,1,,0.65,,0.33,,-0.65,,0,,0,,-0.29,,-0.23,,0,
Number of Locations,,—,,—,,—,,—,,—,,—,,—,,—,,—,,—,,—,,—,,—,,—,,—,,—,,—,,—,,—,,—,,—,,—,,—,,540,1.0,—,,—,,—,,—,,—,,—,,—,,608,1.0,—,,—,,—,,634,1.0,—,,—,,—,,663,1.0
  Owned,,—,,—,,—,,—,,—,,—,,—,,—,,—,,—,,—,,—,,—,,—,,—,,—,,—,,—,,—,,—,,—,,—,,—,,423,0.783333333333333,—,,—,,—,,—,,—,,—,,—,,478,0.786184210526316,—,,—,,—,,498,0.785488958990536,—,,—,,—,,522,0.787330316742082
    United States,,—,,—,,—,,—,,—,,—,,—,,—,,—,,—,,—,,—,,—,,—,,—,,—,,—,,—,,—,,—,,—,,—,,—,,329,0.609259259259259,—,,—,,—,,—,,—,,—,,—,,350,0.575657894736842,—,,—,,—,,362,0.570977917981073,—,,—,,—,,376,0.567119155354449
    Canada,,—,,—,,—,,—,,—,,—,,—,,—,,—,,—,,—,,—,,—,,—,,—,,—,,—,,—,,—,,—,,—,,—,,—,,70,0.12962962962963,—,,—,,—,,—,,—,,—,,—,,72,0.118421052631579,—,,—,,—,,75,0.118296529968454,—,,—,,—,,77,0.116138763197587
    Mexico,,—,,—,,—,,—,,—,,—,,—,,—,,—,,—,,—,,—,,—,,—,,—,,—,,—,,—,,—,,—,,—,,—,,—,,—,,—,,—,,—,,—,,—,,—,,—,,31,0.0509868421052632,—,,—,,—,,32,0.0504731861198738,—,,—,,—,,32,0.0482654600301659
    United Kingdom,,—,,—,,—,,—,,—,,—,,—,,—,,—,,—,,—,,—,,—,,—,,—,,—,,—,,—,,—,,—,,—,,—,,—,,19,0.0351851851851852,—,,—,,—,,—,,—,,—,,—,,19,0.03125,—,,—,,—,,20,0.0315457413249211,—,,—,,—,,21,0.0316742081447964
    Japan,,—,,—,,—,,—,,—,,—,,—,,—,,—,,—,,—,,—,,—,,—,,—,,—,,—,,—,,—,,—,,—,,—,,—,,1,0.00185185185185185,—,,—,,—,,—,,—,,—,,—,,1,0.00164473684210526,—,,—,,—,,4,0.00630914826498423,—,,—,,—,,5,0.00754147812971342
    Korea,,—,,—,,—,,—,,—,,—,,—,,—,,—,,—,,—,,—,,—,,—,,—,,—,,—,,—,,—,,—,,—,,—,,—,,3,0.00555555555555556,—,,—,,—,,—,,—,,—,,—,,3,0.00493421052631579,—,,—,,—,,3,0.00473186119873817,—,,—,,—,,5,0.00754147812971342
    Australia,,—,,—,,—,,—,,—,,—,,—,,—,,—,,—,,—,,—,,—,,—,,—,,—,,—,,—,,—,,—,,—,,—,,—,,1,0.00185185185185185,—,,—,,—,,—,,—,,—,,—,,2,0.00328947368421053,—,,—,,—,,2,0.00315457413249211,—,,—,,—,,5,0.00754147812971342
    Spain,,—,,—,,—,,—,,—,,—,,—,,—,,—,,—,,—,,—,,—,,—,,—,,—,,—,,—,,—,,—,,—,,—,,—,,—,,—,,—,,—,,—,,—,,—,,—,,—,,—,,—,,—,,—,,—,,—,,—,,1,0.00150829562594269
    Taiwan,,—,,—,,—,,—,,—,,—,,—,,—,,—,,—,,—,,—,,—,,—,,—,,—,,—,,—,,—,,—,,—,,—,,—,,0,,—,,—,,—,,—,,—,,—,,—,,0,,—,,—,,—,,0,,—,,—,,—,,0,
  Leased,,—,,—,,—,,—,,—,,—,,—,,—,,—,,—,,—,,—,,—,,—,,—,,—,,—,,—,,—,,—,,—,,—,,—,,117,0.216666666666667,—,,—,,—,,—,,—,,—,,—,,130,0.213815789473684,—,,—,,—,,136,0.214511041009464,—,,—,,—,,141,0.212669683257919
    United States,,—,,—,,—,,—,,—,,—,,—,,—,,—,,—,,—,,—,,—,,—,,—,,—,,—,,—,,—,,—,,—,,—,,—,,87,0.161111111111111,—,,—,,—,,—,,—,,—,,—,,89,0.146381578947368,—,,—,,—,,89,0.140378548895899,—,,—,,—,,92,0.138763197586727
    Japan,,—,,—,,—,,—,,—,,—,,—,,—,,—,,—,,—,,—,,—,,—,,—,,—,,—,,—,,—,,—,,—,,—,,—,,8,0.0148148148148148,—,,—,,—,,—,,—,,—,,—,,12,0.0197368421052632,—,,—,,—,,14,0.0220820189274448,—,,—,,—,,15,0.0226244343891403
    Canada,,—,,—,,—,,—,,—,,—,,—,,—,,—,,—,,—,,—,,—,,—,,—,,—,,—,,—,,—,,—,,—,,—,,—,,9,0.0166666666666667,—,,—,,—,,—,,—,,—,,—,,10,0.0164473684210526,—,,—,,—,,10,0.0157728706624606,—,,—,,—,,11,0.0165912518853695
    Taiwan,,—,,—,,—,,—,,—,,—,,—,,—,,—,,—,,—,,—,,—,,—,,—,,—,,—,,—,,—,,—,,—,,—,,—,,6,0.0111111111111111,—,,—,,—,,—,,—,,—,,—,,9,0.0148026315789474,—,,—,,—,,10,0.0157728706624606,—,,—,,—,,10,0.0150829562594268
    Korea,,—,,—,,—,,—,,—,,—,,—,,—,,—,,—,,—,,—,,—,,—,,—,,—,,—,,—,,—,,—,,—,,—,,—,,4,0.00740740740740741,—,,—,,—,,—,,—,,—,,—,,5,0.00822368421052632,—,,—,,—,,6,0.00946372239747634,—,,—,,—,,6,0.00904977375565611
    United Kingdom,,—,,—,,—,,—,,—,,—,,—,,—,,—,,—,,—,,—,,—,,—,,—,,—,,—,,—,,—,,—,,—,,—,,—,,3,0.00555555555555556,—,,—,,—,,—,,—,,—,,—,,3,0.00493421052631579,—,,—,,—,,5,0.00788643533123028,—,,—,,—,,5,0.00754147812971342
    Australia,,—,,—,,—,,—,,—,,—,,—,,—,,—,,—,,—,,—,,—,,—,,—,,—,,—,,—,,—,,—,,—,,—,,—,,0,,—,,—,,—,,—,,—,,—,,—,,1,0.00164473684210526,—,,—,,—,,1,0.00157728706624606,—,,—,,—,,1,0.00150829562594269
    Mexico,,—,,—,,—,,—,,—,,—,,—,,—,,—,,—,,—,,—,,—,,—,,—,,—,,—,,—,,—,,—,,—,,—,,—,,—,,—,,—,,—,,—,,—,,—,,—,,1,0.00164473684210526,—,,—,,—,,1,0.00157728706624606,—,,—,,—,,1,0.00150829562594269
    Spain,,—,,—,,—,,—,,—,,—,,—,,—,,—,,—,,—,,—,,—,,—,,—,,—,,—,,—,,—,,—,,—,,—,,—,,—,,—,,—,,—,,—,,—,,—,,—,,—,,—,,—,,—,,—,,—,,—,,—,,0,
Retail - Number of Locations Opened,,4,1.0,5,1.0,4,1.0,11,1.0,9,1.0,2,1.0,7,1.0,12,1.0,13,1.0,4,1.0,6,1.0,8,1.0,10,1.0,7,1.0,5,1.0,13,1.0,8,1.0,0,,5,1.0,7,1.0,6,1.0,2,1.0,1,1.0,5,1.0,8,1.0,2,1.0,1,1.0,12,1.0,4,1.0,2,1.0,4,1.0,6,1.0,9,1.0,5,1.0,5,1.0,7,1.0,13,1.0,3,1.0,4,1.0,10,1.0
  Warehouse Clubs,,4,1.0,5,1.0,4,1.0,11,1.0,9,1.0,2,1.0,7,1.0,12,1.0,13,1.0,4,1.0,6,1.0,8,1.0,10,1.0,7,1.0,5,1.0,13,1.0,8,1.0,0,,5,1.0,7,1.0,6,1.0,2,1.0,1,1.0,5,1.0,8,1.0,2,1.0,1,1.0,12,1.0,4,1.0,2,1.0,4,1.0,6,1.0,9,1.0,5,1.0,5,1.0,7,1.0,13,1.0,3,1.0,4,1.0,10,1.0
Retail - Number of Locations Closed,,0,,0,,2,1.0,3,1.0,0,,0,,1,1.0,2,1.0,0,,0,,0,,0,,4,1.0,0,,0,,6,1.0,1,1.0,0,,1,1.0,2,1.0,0,,1,1.0,0,,0,,0,,1,1.0,2,1.0,0,,0,,0,,0,,0,,0,,0,,0,,0,,1,1.0,0,,0,,0,
  Warehouse Clubs,,0,,0,,2,1.0,3,1.0,0,,0,,1,1.0,2,1.0,0,,0,,0,,0,,4,1.0,0,,0,,6,1.0,1,1.0,0,,1,1.0,2,1.0,0,,1,1.0,0,,0,,0,,1,1.0,2,1.0,0,,0,,0,,0,,0,,0,,0,,0,,0,,1,1.0,0,,0,,0,
Number of Stores by Ownership,,—,,—,,—,,460,1.0,—,,—,,—,,487,1.0,—,,—,,—,,518,1.0,—,,—,,—,,543,1.0,—,,—,,—,,559,1.0,—,,—,,—,,540,1.0,—,,—,,—,,592,1.0,—,,—,,—,,608,1.0,—,,—,,—,,634,1.0,—,,—,,—,,663,1.0
  Owned,,—,,—,,—,,358,0.778260869565217,—,,—,,—,,388,0.796714579055441,—,,—,,—,,414,0.799227799227799,—,,—,,—,,433,0.797421731123389,—,,—,,—,,447,0.799642218246869,—,,—,,—,,423,0.783333333333333,—,,—,,—,,467,0.788851351351351,—,,—,,—,,478,0.786184210526316,—,,—,,—,,498,0.785488958990536,—,,—,,—,,522,0.787330316742082
    United States,,—,,—,,—,,257,0.558695652173913,—,,—,,—,,281,0.57700205338809,—,,—,,—,,301,0.581081081081081,—,,—,,—,,314,0.578268876611418,—,,—,,—,,323,0.577817531305903,—,,—,,—,,329,0.609259259259259,—,,—,,—,,339,0.572635135135135,—,,—,,—,,350,0.575657894736842,—,,—,,—,,362,0.570977917981073,—,,—,,—,,376,0.567119155354449
    Canada,,—,,—,,—,,57,0.123913043478261,—,,—,,—,,59,0.121149897330595,—,,—,,—,,62,0.11969111969112,—,,—,,—,,66,0.121546961325967,—,,—,,—,,68,0.121645796064401,—,,—,,—,,70,0.12962962962963,—,,—,,—,,72,0.121621621621622,—,,—,,—,,72,0.118421052631579,—,,—,,—,,75,0.118296529968454,—,,—,,—,,77,0.116138763197587
    Mexico,,—,,—,,—,,27,0.058695652173913,—,,—,,—,,29,0.0595482546201232,—,,—,,—,,30,0.0579150579150579,—,,—,,—,,31,0.0570902394106814,—,,—,,—,,32,0.0572450805008945,—,,—,,—,,—,,—,,—,,—,,31,0.0523648648648649,—,,—,,—,,31,0.0509868421052632,—,,—,,—,,32,0.0504731861198738,—,,—,,—,,32,0.0482654600301659
    United Kingdom,,—,,—,,—,,14,0.0304347826086957,—,,—,,—,,16,0.0328542094455852,—,,—,,—,,18,0.0347490347490347,—,,—,,—,,18,0.0331491712707182,—,,—,,—,,19,0.0339892665474061,—,,—,,—,,19,0.0351851851851852,—,,—,,—,,19,0.0320945945945946,—,,—,,—,,19,0.03125,—,,—,,—,,20,0.0315457413249211,—,,—,,—,,21,0.0316742081447964
    Japan,,—,,—,,—,,1,0.00217391304347826,—,,—,,—,,1,0.00205338809034908,—,,—,,—,,1,0.00193050193050193,—,,—,,—,,1,0.00184162062615101,—,,—,,—,,1,0.00178890876565295,—,,—,,—,,1,0.00185185185185185,—,,—,,—,,1,0.00168918918918919,—,,—,,—,,1,0.00164473684210526,—,,—,,—,,4,0.00630914826498423,—,,—,,—,,5,0.00754147812971342
    Korea,,—,,—,,—,,2,0.00434782608695652,—,,—,,—,,2,0.00410677618069815,—,,—,,—,,2,0.00386100386100386,—,,—,,—,,3,0.00552486187845304,—,,—,,—,,3,0.00536672629695885,—,,—,,—,,3,0.00555555555555556,—,,—,,—,,3,0.00506756756756757,—,,—,,—,,3,0.00493421052631579,—,,—,,—,,3,0.00473186119873817,—,,—,,—,,5,0.00754147812971342
    Australia,,—,,—,,—,,—,,—,,—,,—,,—,,—,,—,,—,,—,,—,,—,,—,,—,,—,,—,,—,,1,0.00178890876565295,—,,—,,—,,1,0.00185185185185185,—,,—,,—,,2,0.00337837837837838,—,,—,,—,,2,0.00328947368421053,—,,—,,—,,2,0.00315457413249211,—,,—,,—,,5,0.00754147812971342
    Spain,,—,,—,,—,,—,,—,,—,,—,,—,,—,,—,,—,,—,,—,,—,,—,,—,,—,,—,,—,,—,,—,,—,,—,,—,,—,,—,,—,,—,,—,,—,,—,,—,,—,,—,,—,,—,,—,,—,,—,,1,0.00150829562594269
    Taiwan,,—,,—,,—,,0,,—,,—,,—,,0,,—,,—,,—,,0,,—,,—,,—,,0,,—,,—,,—,,0,,—,,—,,—,,0,,—,,—,,—,,0,,—,,—,,—,,0,,—,,—,,—,,0,,—,,—,,—,,0,
  Leased,,—,,—,,—,,102,0.221739130434783,—,,—,,—,,99,0.203285420944559,—,,—,,—,,104,0.200772200772201,—,,—,,—,,110,0.202578268876611,—,,—,,—,,112,0.200357781753131,—,,—,,—,,117,0.216666666666667,—,,—,,—,,125,0.211148648648649,—,,—,,—,,130,0.213815789473684,—,,—,,—,,136,0.214511041009464,—,,—,,—,,141,0.212669683257919
    United States,,—,,—,,—,,81,0.176086956521739,—,,—,,—,,77,0.158110882956879,—,,—,,—,,82,0.158301158301158,—,,—,,—,,84,0.154696132596685,—,,—,,—,,83,0.148479427549195,—,,—,,—,,87,0.161111111111111,—,,—,,—,,90,0.152027027027027,—,,—,,—,,89,0.146381578947368,—,,—,,—,,89,0.140378548895899,—,,—,,—,,92,0.138763197586727
    Japan,,—,,—,,—,,4,0.00869565217391304,—,,—,,—,,4,0.0082135523613963,—,,—,,—,,5,0.00965250965250965,—,,—,,—,,7,0.0128913443830571,—,,—,,—,,8,0.0143112701252236,—,,—,,—,,8,0.0148148148148148,—,,—,,—,,8,0.0135135135135135,—,,—,,—,,12,0.0197368421052632,—,,—,,—,,14,0.0220820189274448,—,,—,,—,,15,0.0226244343891403
    Canada,,—,,—,,—,,8,0.0173913043478261,—,,—,,—,,9,0.0184804928131417,—,,—,,—,,9,0.0173745173745174,—,,—,,—,,9,0.0165745856353591,—,,—,,—,,9,0.0161001788908766,—,,—,,—,,9,0.0166666666666667,—,,—,,—,,10,0.0168918918918919,—,,—,,—,,10,0.0164473684210526,—,,—,,—,,10,0.0157728706624606,—,,—,,—,,11,0.0165912518853695
    Taiwan,,—,,—,,—,,4,0.00869565217391304,—,,—,,—,,4,0.0082135523613963,—,,—,,—,,4,0.00772200772200772,—,,—,,—,,5,0.00920810313075507,—,,—,,—,,6,0.0107334525939177,—,,—,,—,,6,0.0111111111111111,—,,—,,—,,8,0.0135135135135135,—,,—,,—,,9,0.0148026315789474,—,,—,,—,,10,0.0157728706624606,—,,—,,—,,10,0.0150829562594268
    Korea,,—,,—,,—,,3,0.00652173913043478,—,,—,,—,,3,0.00616016427104723,—,,—,,—,,3,0.00579150579150579,—,,—,,—,,3,0.00552486187845304,—,,—,,—,,4,0.00715563506261181,—,,—,,—,,4,0.00740740740740741,—,,—,,—,,4,0.00675675675675676,—,,—,,—,,5,0.00822368421052632,—,,—,,—,,6,0.00946372239747634,—,,—,,—,,6,0.00904977375565611
    United Kingdom,,—,,—,,—,,2,0.00434782608695652,—,,—,,—,,2,0.00410677618069815,—,,—,,—,,1,0.00193050193050193,—,,—,,—,,2,0.00368324125230203,—,,—,,—,,2,0.0035778175313059,—,,—,,—,,3,0.00555555555555556,—,,—,,—,,3,0.00506756756756757,—,,—,,—,,3,0.00493421052631579,—,,—,,—,,5,0.00788643533123028,—,,—,,—,,5,0.00754147812971342
    Australia,,—,,—,,—,,—,,—,,—,,—,,—,,—,,—,,—,,—,,—,,—,,—,,—,,—,,—,,—,,0,,—,,—,,—,,0,,—,,—,,—,,1,0.00168918918918919,—,,—,,—,,1,0.00164473684210526,—,,—,,—,,1,0.00157728706624606,—,,—,,—,,1,0.00150829562594269
    Mexico,,—,,—,,—,,—,,—,,—,,—,,—,,—,,—,,—,,—,,—,,—,,—,,—,,—,,—,,—,,—,,—,,—,,—,,—,,—,,—,,—,,1,0.00168918918918919,—,,—,,—,,1,0.00164473684210526,—,,—,,—,,1,0.00157728706624606,—,,—,,—,,1,0.00150829562594269
    Spain,,—,,—,,—,,—,,—,,—,,—,,—,,—,,—,,—,,—,,—,,—,,—,,—,,—,,—,,—,,—,,—,,—,,—,,—,,—,,—,,—,,—,,—,,—,,—,,—,,—,,—,,—,,—,,—,,—,,—,,0,
Ticket or Ticket per Transaction,,—,,—,,—,,—,,—,,—,,—,,—,,—,,—,,—,,—,,—,,—,,—,,—,,—,,—,,—,,—,,—,,—,,—,,—,,—,,—,,—,,—,,—,,—,,—,,—,,—,,—,,—,,—,,—,,—,,—,,—,
  Warehouse Clubs,,—,,—,,—,,—,,—,,—,,—,,—,,—,,—,,—,,—,,5.5,,5,,4.5,,6,,-1.5,,-7,,-10.5,,4.5,,-1.5,,4,,6,,1.1,,2,,4.2,,7,,8,,6,,2.4,,1.7,,5,,2.5,,2,,1.5,,5,,-2,,-1,,0.2,,2,
Warehouse Club Membership Base,,—,,—,,—,,—,,—,,—,,—,,47679,1.0,—,,—,,—,,50400,1.0,—,,—,,—,,53500,1.0,—,,—,,—,,56000,1.0,—,,—,,—,,58000,1.0,—,,—,,—,,64000,1.0,—,,—,,—,,67000,1.0,—,,—,,—,,71200,1.0,72500,1.0,40300,1.0,74600,1.0,76400,1.0
  Paid Members,,—,,—,,—,,—,,—,,—,,—,,22552,0.472996497409761,—,,—,,—,,24000,0.476190476190476,—,,—,,—,,25800,0.482242990654206,—,,—,,—,,30600,0.546428571428571,—,,—,,—,,31600,0.544827586206897,—,,—,,—,,35300,0.5515625,—,,—,,—,,36900,0.550746268656716,—,,—,,—,,39000,0.547752808988764,39800,0.548965517241379,40300,1.0,40900,0.548257372654156,42000,0.549738219895288
    Gold Star,,—,,—,,—,,—,,—,,—,,—,,17338,0.363640177017135,—,,—,,—,,18600,0.369047619047619,—,,—,,—,,20200,0.377570093457944,—,,—,,—,,21500,0.383928571428571,—,,—,,—,,22500,0.387931034482759,—,,—,,—,,25000,0.390625,—,,—,,—,,26700,0.398507462686567,—,,—,,—,,28900,0.405898876404494,—,,—,,—,,31600,0.413612565445026
"    Business, Including Affiliates",,—,,—,,—,,—,,—,,—,,—,,—,,—,,—,,—,,—,,—,,—,,—,,—,,—,,—,,—,,—,,—,,—,,—,,—,,—,,—,,—,,—,,—,,—,,—,,—,,—,,—,,—,,10100,0.14185393258427,—,,—,,—,,10400,0.136125654450262
"    Business, Add-on",,—,,—,,—,,—,,—,,—,,—,,—,,—,,—,,—,,—,,—,,—,,—,,—,,—,,—,,—,,3400,0.0607142857142857,—,,—,,—,,3300,0.0568965517241379,—,,—,,—,,4000,0.0625,—,,—,,—,,3800,0.0567164179104478,—,,—,,—,,—,,—,,—,,—,,—,
    Business,,—,,—,,—,,—,,—,,—,,—,,5214,0.109356320392626,—,,—,,—,,5400,0.107142857142857,—,,—,,—,,5600,0.104672897196262,—,,—,,—,,5700,0.101785714285714,—,,—,,—,,5800,0.1,—,,—,,—,,6300,0.0984375,—,,—,,—,,6400,0.0955223880597015,—,,—,,—,,—,,—,,—,,—,,—,
  Household Card,,—,,—,,—,,—,,—,,—,,—,,25127,0.527003502590239,—,,—,,—,,26400,0.523809523809524,—,,—,,—,,27700,0.517757009345794,—,,—,,—,,25400,0.453571428571429,—,,—,,—,,26400,0.455172413793103,—,,—,,—,,28700,0.4484375,—,,—,,—,,30100,0.449253731343284,—,,—,,—,,32200,0.452247191011236,32700,0.451034482758621,40300,1.0,33700,0.451742627345845,34400,0.450261780104712
    Executive,,—,,—,,—,,—,,—,,—,,—,,—,,—,,—,,—,,—,,—,,—,,—,,—,,—,,—,,—,,—,,—,,—,,—,,—,,—,,—,,—,,—,,—,,—,,—,,—,,—,,—,,—,,—,,—,,—,,14400,0.193029490616622,15000,0.196335078534031
Source: Bloomberg,,,,,,,,,,,,,,,,,,,,,,,,,,,,,,,,,,,,,,,,,,,,,,,,,,,,,,,,,,,,,,,,,,,,,,,,,,,,,,,,,
