Unnamed: 0,Unnamed: 1,Unnamed: 2,Unnamed: 3,Unnamed: 4,Unnamed: 5,Unnamed: 6,Unnamed: 7,Unnamed: 8,Unnamed: 9,Unnamed: 10,Unnamed: 11,Unnamed: 12,Unnamed: 13,Unnamed: 14,Unnamed: 15,Unnamed: 16,Unnamed: 17,Unnamed: 18,Unnamed: 19,Unnamed: 20,Unnamed: 21,Unnamed: 22,Unnamed: 23,Unnamed: 24,Unnamed: 25,Unnamed: 26,Unnamed: 27,Unnamed: 28,Unnamed: 29,Unnamed: 30,Unnamed: 31,Unnamed: 32,Unnamed: 33,Unnamed: 34,Unnamed: 35,Unnamed: 36,Unnamed: 37,Unnamed: 38,Unnamed: 39,Unnamed: 40,Unnamed: 41
Microsoft Corp (MSFT US) - By Segment,,,,,,,,,,,,,,,,,,,,,,,,,,,,,,,,,,,,,,,,,
,,,,,,,,,,,,,,,,,,,,,,,,,,,,,,,,,,,,,,,,,
date,,Q1 2015,Q2 2015,Q3 2015,Q4 2015,Q1 2016,Q2 2016,Q3 2016,Q4 2016,Q1 2017,Q2 2017,Q3 2017,Q4 2017,Q1 2018,Q2 2018,Q3 2018,Q4 2018,Q1 2019,Q2 2019,Q3 2019,Q4 2019,Q1 2020,Q2 2020,Q3 2020,Q4 2020,Q1 2021,Q2 2021,Q3 2021,Q4 2021,Q1 2022,Q2 2022,Q3 2022,Q4 2022,Q1 2023,Q2 2023,Q3 2023,Q4 2023,Q1 2024,Q2 2024,Q3 2024,Q4 2024
date,,09/30/2014,12/31/2014,03/31/2015,06/30/2015,09/30/2015,12/31/2015,03/31/2016,06/30/2016,09/30/2016,12/31/2016,03/31/2017,06/30/2017,09/30/2017,12/31/2017,03/31/2018,06/30/2018,09/30/2018,12/31/2018,03/31/2019,06/30/2019,09/30/2019,12/31/2019,03/31/2020,06/30/2020,09/30/2020,12/31/2020,03/31/2021,06/30/2021,09/30/2021,12/31/2021,03/31/2022,06/30/2022,09/30/2022,12/31/2022,03/31/2023,06/30/2023,09/30/2023,12/31/2023,03/31/2024,06/30/2024
Productivity & Business Processes,,,,,,,,,,,,,,,,,,,,,,,,,,,,,,,,,,,,,,,,,
  Revenue,,6490,6822,6457,6661,5998,6480,6207,7107,6436,7179,7707,8548,8238,8953,9006,9668,9771,10100,10242,11047,11077,11826,11743,11752,12319,13353,13552,14691,15039,15936,15789,16600,16465,17002,17516,18291,18592,19249,19570,20317
  Operating Income,,3338,3587,3204,3167,2844,3086,2672,3154,2905,3053,2540,2891,3006,3337,3115,3466,3881,4015,3979,4344,4782,5182,4788,3972,5706,6181,6029,6435,7581,7688,7184,7236,8323,8175,8639,9052,9970,10284,10143,10143
  Goodwill,,—,—,—,6309,6370,6504,6692,6678,6702,23456,23383,23739,23790,23770,23824,23823,23814,24081,24123,24277,24226,24266,24154,24190,24223,24302,24307,24317,24353,24681,24907,24811,24716,24807,24795,24775,24759,24817,24778,24777
  Number of Subscribers (end of period),,7000,9000,12000,15000,18200,20600,22200,27000,24000,24900,26200,27000,28000,29200,30600,31400,32500,33300,34200,34800,35600,37200,—,42700,45300,47500,50200,51900,45300,56400,58400,59700,61300,63200,—,—,76700,78400,80800,82500
  Revenue Growth %,,—,—,—,—,-3,-2,1,5,6,10,22,21,28,25,17,13,19,13,14,14,13,17,15,6,11,13,15,25,22,19,17,—,9,7,11,10,13,13,12,11
  Operating Income Growth %,,—,—,—,—,-7,-8,-7,5,46,-1,-5,-8,3,9,23,20,29,20,28,25,23,29,20,-9,19,19,26,62,33,24,19,—,10,6,20,25,20,26,17,12
  Net Sales % Increased at Constant Currency,,—,—,—,—,4,5,6,8,8,12,23,23,28,24,14,10,18,13,15,17,15,19,16,8,11,11,12,21,20,19,19,17,15,13,15,12,12,12,11,12
  Foreign Currency Impact on Revenue,,—,—,—,-249,-437,-439,-339,-249,-125,-108,-82,-98,24,34,193,228,38,0,-133,-249,-196,-183,-162,-209,32,173,366,523,253,14,-332,-584,856,-1002,-587,-322,79,230,85,-106
  Unearned Revenue Balance,,—,—,—,—,10719,10110,9635,12482,11486,11447,11159,14291,11808,11290,11185,14864,13753,12635,12679,16831,15560,14266,14077,18643,17675,16225,16169,22120,20565,—,18578,24558,22405,20120,20504,27572,25316,22591,22929,30879
  Changes in Deferred Revenue,,—,—,—,11643,10719,10110,9635,12482,11808,11447,11159,14291,11808,11290,11185,14864,13753,12635,12679,16831,15560,14266,14077,4566,17675,16225,16169,5951,20565,18494,18578,—,22405,20120,20504,7068,25316,22591,22929,7950
  Operating Income Growth % at CC,,—,—,—,—,—,—,—,—,—,—,—,—,4,10,19,13,27,19,30,31,27,33,23,-5,—,17,—,53,29,24,23,19,19,17,27,29,20,-2,-1,13
Intelligent Cloud,,,,,,,,,,,,,,,,,,,,,,,,,,,,,,,,,,,,,,,,,
  Revenue,,5475,6041,5903,6296,5583,6260,5923,7186,6097,6758,6730,7822,6922,7795,7896,9606,8567,9378,9649,11391,10845,11869,12281,13371,12986,14601,15118,17375,16912,18262,19051,20909,20325,21508,22081,23993,24259,25880,26708,28515
  Operating Income,,2106,2600,2533,2633,2079,2488,2005,2677,1777,2291,2148,2911,2137,2832,2654,3901,2931,3279,3208,4502,3889,4531,4560,5344,5422,6492,6425,7787,7681,8323,8281,8808,8978,8904,9476,10526,11751,12461,12513,12859
  Goodwill,,—,—,—,4917,5093,5158,5469,5467,5478,5468,5528,5555,5621,5629,5723,5703,5712,11167,11338,11351,11481,11488,11534,12697,13141,13198,13210,13256,13847,13937,30218,30182,30266,30452,30492,30469,30420,30463,30452,30441
  Revenue Growth %,,—,—,—,—,8,5,3,7,8,8,11,11,14,15,17,23,24,20,22,19,27,27,27,17,20,23,23,30,31,26,26,—,20,18,16,15,19,20,21,19
  Operating Income Growth %,,—,—,—,—,14,-1,-14,17,-14,-8,7,9,20,24,24,34,37,16,21,15,33,38,42,19,39,43,41,46,39,26,29,—,17,7,13,20,31,40,32,22
  Net Sales % Increased at Constant Currency,,—,—,—,—,8,11,8,10,10,10,12,12,13,15,15,20,24,21,24,21,29,28,29,19,19,22,20,26,29,26,29,25,26,24,19,17,19,19,21,20
  Foreign Currency Impact on Revenue,,—,—,—,-215,-351,-369,-282,-215,-119,-112,-74,-91,32,49,162,182,14,-20,-144,-229,-200,-165,-164,-238,42,168,367,594,216,-32,-418,-728,996,-1078,-591,-303,156,367,65,-174
  Unearned Revenue Balance,,—,—,—,—,9291,8811,8658,11472,10322,9749,9722,13464,10156,9759,9987,14706,13298,12551,12531,16988,15255,13766,12984,16620,15039,13786,13098,17710,16117,—,14524,19371,17294,15822,15552,21563,19471,17696,16696,23117
  Changes in Deferred Revenue,,—,—,—,10346,9291,8811,8658,11472,10156,9749,9722,13464,10156,9759,9987,14706,13298,12551,12531,16988,15255,13766,12984,3636,15039,13786,13098,4612,16117,14549,14524,—,17294,15822,15552,6011,19471,17696,16696,6421
  Operating Income Growth % at CC,,—,—,—,—,—,—,—,—,—,—,—,—,20,24,21,30,35,15,23,19,38,42,46,22,—,41,—,39,37,26,33,18,25,15,17,22,31,-3,0,23
More Personal Computing,,,,,,,,,,,,,,,,,,,,,,,,,,,,,,,,,,,,,,,,,
  Revenue,,11236,13282,9369,9243,9329,12513,9387,9181,9395,11889,8775,9235,9378,12170,9917,10811,10746,12993,10680,11279,11133,13211,10997,12910,11849,15122,13036,14086,13366,17530,14520,14356,13332,14237,13260,13905,13666,16891,15580,15895
  Operating Income,,1619,1506,1049,605,1393,1915,1600,1275,2033,2561,2035,2186,2565,2510,2523,3012,3143,2964,3154,3559,4015,4178,3627,4091,4748,5224,4594,4873,4976,6236,4899,4490,4217,3320,4237,4676,5174,4287,4925,4923
  Goodwill,,—,—,—,5713,5679,5774,5787,5727,5727,5600,5757,5828,5978,5956,6035,6157,6329,6329,6400,6398,6406,6494,6376,6464,6526,6719,12181,12138,12255,12303,12246,12531,12477,12646,12653,12642,12611,63651,63933,64002
  Revenue Growth %,,—,—,—,—,-17,-5,1,-4,-2,-5,-7,-2,0,2,13,17,15,7,8,4,4,2,3,14,6,14,19,9,12,15,11,—,0,-19,-9,-4,3,19,17,14
  Operating Income Growth %,,—,—,—,—,-4,35,57,59,46,33,27,71,26,-2,24,38,23,18,25,18,28,41,15,15,18,25,27,19,7,22,7,—,-15,-47,-12,4,23,29,16,5
  Net Sales % Increased at Constant Currency,,—,—,—,—,-13,-2,3,-2,-1,-4,-7,-1,-1,2,11,16,15,7,9,6,5,3,4,16,6,13,16,6,11,15,13,5,3,-16,-7,-3,2,18,17,15
  Foreign Currency Impact on Revenue,,—,—,—,-133,-371,-404,-217,-133,-97,-119,-67,-67,39,41,151,139,-25,-63,-143,-161,-111,-117,-78,-151,34,153,239,348,136,14,-253,-373,444,-565,-304,-130,66,159,39,-65
  Unearned Revenue Balance,,—,—,—,—,3035,2900,2848,3246,3298,3034,2930,3420,2940,2760,2783,3150,3191,2898,2925,3387,3211,3189,3336,3917,3591,3376,3447,4311,4333,—,3694,4479,4190,3684,3545,4678,4401,5747,5208,6188
  Changes in Deferred Revenue,,—,—,—,3246,3035,2900,2848,3246,2940,3034,2930,3420,2940,2760,2783,3150,3191,2898,2925,3387,3211,3189,3336,581,3591,3376,3447,864,4333,3726,3694,—,4190,3684,3545,1133,4401,5747,5208,980
  Operating Income Growth % at CC,,—,—,—,—,—,—,—,—,—,—,—,—,26,-2,20,32,23,19,28,22,31,45,17,19,—,22,—,13,5,21,10,10,0,-40,7,6,23,-3,-1,6
  Monthly Active Users (MAUs),,—,—,—,—,—,—,—,—,—,—,—,—,—,—,—,—,—,—,—,65,—,—,—,—,—,—,—,—,—,—,—,—,—,—,—,—,—,—,—,—
Office Products & Cloud Services,,,,,,,,,,,,,,,,,,,,,,,,,,,,,,,,,,,,,,,,,
  Revenue - Supplementary Breakdown,,—,—,—,—,—,—,—,—,—,6439,—,6918,6575,7075,7088,7577,7622,7747,7889,8511,8466,8983,8920,8947,9278,9881,10016,10697,10808,11251,11164,11639,11577,—,12468,12936,13140,13477,13911,14347
  Number of Subscribers (end of period) - Supplementary Breakdown,,—,—,—,—,—,—,—,—,—,—,—,—,28000,—,—,—,—,—,—,—,—,—,—,42700,—,—,50200,51900,45300,—,58400,—,—,—,—,—,76700,78400,80800,82500
  Net Sales % Increased at Constant Currency - Supplementary Breakdown,,—,—,—,—,—,—,—,—,—,—,—,—,—,—,—,—,—,33,—,—,—,30,—,22,—,—,19,20,—,—,20,—,—,—,18,17,—,16,15,—
  Revenue Growth - Supplemental Breakdown,,—,—,—,—,—,—,—,—,—,—,—,—,—,—,—,—,—,—,—,—,—,—,—,—,—,—,—,—,—,—,12,—,—,—,—,—,—,—,—,—
Gaming,,,,,,,,,,,,,,,,,,,,,,,,,,,,,,,,,,,,,,,,,
  Revenue - Supplementary Breakdown,,—,—,—,—,—,—,—,—,—,3617,—,1642,1896,3920,2251,2286,2738,4232,2363,2053,2542,3327,2349,3357,3092,5031,3533,3714,3593,5442,3740,3455,3610,—,3607,3491,3919,7111,5451,5022
  Net Sales % Increased at Constant Currency - Supplementary Breakdown,,—,—,—,—,—,—,—,—,—,-1,—,—,—,—,16,—,45,9,—,—,-6,-20,0,66,—,—,48,7,—,—,8,—,4,—,-1,2,8,48,50,—
  Revenue Growth - Supplemental Breakdown,,—,—,—,—,—,5,4,-9,—,-3,—,—,—,—,18,—,44,8,—,—,-7,-21,-1,64,—,—,50,11,—,—,6,—,0,—,-6,—,9,49,—,—
  Monthly Active Users (MAUs),,—,—,—,—,—,—,—,—,—,—,—,—,—,59,—,—,—,—,—,—,—,—,—,—,—,—,—,—,—,—,—,—,—,—,—,—,—,—,—,—
Dynamics Products & Cloud Services,,,,,,,,,,,,,,,,,,,,,,,,,,,,,,,,,,,,,,,,,
  Revenue - Supplementary Breakdown,,—,—,—,—,—,—,—,—,—,—,—,—,—,—,—,—,—,—,—,—,—,—,—,—,—,—,—,—,—,—,—,—,1260,—,1389,1486,1540,1576,1646,1719
  Revenue Growth - Supplemental Breakdown,,—,—,—,—,3,—,—,6,—,7,—,—,—,—,17,—,20,17,—,—,14,12,17,13,—,—,26,33,—,—,22,—,15,—,17,19,22,21,19,16
  Net Sales % Increased at Constant Currency - Supplementary Breakdown,,—,—,—,15,12,11,9,7,—,9,—,—,—,—,14,—,20,17,—,—,16,15,20,15,—,—,22,26,—,—,25,—,22,—,21,21,21,19,17,—
Devices,,,,,,,,,,,,,,,,,,,,,,,,,,,,,,,,,,,,,,,,,
  Revenue - Supplementary Breakdown,,—,—,—,—,—,—,—,—,—,1697,—,1045,1154,1478,1219,1283,1261,1948,1423,1463,1202,2048,1412,1795,1620,2120,1599,1452,1414,2357,1764,1581,1448,—,1282,1361,1125,1298,1067,1216
  Revenue Growth - Supplemental Breakdown,,—,—,—,—,—,—,—,—,—,—,—,—,—,—,—,—,—,—,—,—,—,—,—,—,—,—,—,—,—,—,—,—,—,—,-30,-20,-22,-9,-17,-11
  Net Sales % Increased at Constant Currency - Supplementary Breakdown,,—,—,—,—,—,—,—,—,—,—,—,—,—,—,—,—,—,—,—,—,—,—,—,—,—,—,—,—,—,—,—,—,—,—,-26,-18,-22,-10,-16,-9
Linkedln,,,,,,,,,,,,,,,,,,,,,,,,,,,,,,,,,,,,,,,,,
  Revenue - Supplementary Breakdown,,—,—,—,—,—,—,—,—,—,228,—,1067,1148,1312,1335,1464,1530,1693,1696,1835,1909,2102,2050,2016,2206,2577,2562,2944,3136,3531,3437,3712,3628,—,3659,3869,3913,4195,4013,4251
  Number of Customers Growth (%),,—,—,—,—,—,—,—,—,—,—,—,—,—,—,30,—,34,30,—,—,22,25,26,27,—,—,29,30,—,—,22,—,24,—,15,12,12,12,-11,13
  Revenue Growth - Supplemental Breakdown,,—,—,—,—,—,—,—,—,—,—,—,—,—,—,37,—,33,29,—,—,25,24,21,10,—,—,25,46,—,—,34,—,17,—,8,5,8,9,10,10
  Net Sales % Increased at Constant Currency - Supplementary Breakdown,,—,—,—,—,—,—,—,—,—,—,—,—,—,—,33,—,33,30,—,—,26,26,22,11,—,—,23,42,—,—,35,—,21,—,10,7,8,8,9,9
Server Products & Cloud Services,,,,,,,,,,,,,,,,,,,,,,,,,,,,,,,,,,,,,,,,,
  Revenue - Supplementary Breakdown,,—,—,—,—,—,—,—,—,—,5332,—,—,—,—,6343,—,7058,7791,—,—,9192,10119,10490,11578,—,—,13204,15461,—,—,17038,—,18388,—,20025,21963,22308,23953,24832,26633
  Revenue Growth - Supplemental Breakdown,,—,—,—,—,6,3,—,5,—,12,—,—,—,—,20,—,28,24,—,—,30,30,30,19,—,—,26,34,—,—,29,—,22,—,17,17,21,22,24,21
  Net Sales % Increased at Constant Currency - Supplementary Breakdown,,—,—,—,9,13,10,5,8,—,14,—,—,—,—,17,—,28,24,—,—,33,32,32,21,—,—,23,29,—,—,32,—,28,—,21,18,21,20,24,22
Windows,,,,,,,,,,,,,,,,,,,,,,,,,,,,,,,,,,,,,,,,,
  Revenue - Supplementary Breakdown,,—,—,—,—,—,—,—,—,—,4805,—,4892,4643,4839,4612,5424,4901,4758,4944,5792,5353,5593,5220,6128,5305,5514,5463,6762,5674,6594,6077,6408,5313,—,5328,6058,5567,5262,5929,6486
  Revenue Growth - Supplemental Breakdown,,—,—,—,—,—,—,—,—,—,3,—,—,—,—,8,—,6,-2,—,—,9,18,6,6,—,—,8,7,—,—,14,—,—,—,—,—,5,9,11,7
  Net Sales % Increased at Constant Currency - Supplementary Breakdown,,—,—,—,—,—,—,—,—,—,—,—,—,—,—,—,—,—,—,—,—,—,—,—,—,—,—,—,—,—,—,—,—,—,—,—,—,5,9,11,—
Search Advertising,,,,,,,,,,,,,,,,,,,,,,,,,,,,,,,,,,,,,,,,,
  Revenue - Supplementary Breakdown,,—,—,—,—,—,—,—,—,—,1605,—,—,—,—,1784,—,1788,1976,—,—,1991,2163,1986,1600,—,—,2401,2135,—,—,2945,—,2913,—,3036,3000,3053,3220,3134,3169
  Revenue Growth - Supplemental Breakdown,,—,—,—,—,23,17,14,16,—,12,—,—,—,—,16,—,17,14,—,—,11,6,1,-18,—,—,12,53,—,—,23,—,16,—,10,8,8,6,8,15
  Net Sales % Increased at Constant Currency - Supplementary Breakdown,,—,—,—,—,29,21,18,17,—,11,—,—,—,—,14,—,17,14,—,—,13,7,1,17,—,—,14,49,—,—,25,—,21,—,13,8,7,4,8,16
Other,,,,,,,,,,,,,,,,,,,,,,,,,,,,,,,,,,,,,,,,,
  Revenue - Supplementary Breakdown,,—,—,—,—,—,—,—,—,—,732,—,692,616,740,698,741,736,805,750,779,855,959,961,993,1032,1143,1125,1179,1175,1284,1304,1403,56,—,16,8,8,11,14,12
Enterprise Services,,,,,,,,,,,,,,,,,,,,,,,,,,,,,,,,,,,,,,,,,
  Revenue - Supplementary Breakdown,,—,—,—,—,—,—,—,—,—,1371,—,1433,1371,1435,1489,1551,1450,1521,1542,1611,1545,1612,1633,1619,1637,1695,1803,1808,1791,1823,1891,1902,1929,—,2047,2017,1944,1917,1861,1872
  Revenue Growth - Supplemental Breakdown,,—,—,—,—,9,10,11,12,—,4,—,—,—,—,8,—,6,6,—,—,7,6,6,0,—,—,10,12,—,—,5,—,5,—,6,4,1,1,—,—
  Net Sales % Increased at Constant Currency - Supplementary Breakdown,,—,—,—,5,16,16,15,14,—,-2,—,—,—,—,5,—,6,7,—,—,8,7,7,2,—,—,8,9,—,—,6,—,10,—,9,5,0,0,—,—
Commercial Cloud,,,,,,,,,,,,,,,,,,,,,,,,,,,,,,,,,,,,,,,,,
  Revenue by End User,,—,—,—,—,—,—,—,—,3200,3400,3800,4500,5800,6100,6800,7900,8500,9000,9600,11000,11600,12500,13300,14300,15200,16700,17700,19500,20700,22100,23400,25000,25700,27100,28500,30300,31800,33700,35100,36800
  Gross Margin,,—,—,—,—,—,—,—,—,49,48,51,52,58,57,58,59,62,62,63,65,66,67,67,66,71,71,70,70,71,70,70,69,73,72,72,72,73,72,72,69
  Total Performance Obligation,,—,—,—,—,—,—,—,—,—,—,—,—,—,—,—,—,—,—,—,—,—,—,—,—,—,—,—,—,—,—,5000,—,—,—,—,—,—,—,—,—
  Net Sales % Increased at Constant Currency - Supplementary Breakdown,,—,—,—,—,—,—,—,—,—,—,—,—,—,—,—,—,—,—,—,—,—,—,—,—,31,—,—,—,—,—,—,—,—,—,—,—,—,—,—,—
Office 365 Commercial,,,,,,,,,,,,,,,,,,,,,,,,,,,,,,,,,,,,,,,,,
  Number of Customers Growth (%),,—,—,—,—,—,—,—,—,—,37,—,—,—,—,28,—,29,27,—,—,21,21,20,15,—,—,15,17,—,—,16,—,14,—,11,11,10,9,8,7
Office Commercial Products & Cloud Services,,,,,,,,,,,,,,,,,,,,,,,,,,,,,,,,,,,,,,,,,
  Revenue Growth - Supplemental Breakdown,,—,—,—,—,2,-1,—,5,—,5,—,—,—,—,14,—,17,11,—,—,13,16,13,5,—,—,14,20,—,—,—,—,7,—,13,12,15,15,13,12
  Net Sales % Increased at Constant Currency - Supplementary Breakdown,,—,—,—,1,-5,5,7,9,—,7,—,—,—,—,12,—,16,—,—,—,15,—,15,—,—,—,—,—,—,—,—,—,13,—,—,—,15,—,—,13
Xbox Software and Services,,,,,,,,,,,,,,,,,,,,,,,,,,,,,,,,,,,,,,,,,
  Revenue Growth - Supplemental Breakdown,,—,—,—,—,—,—,—,—,—,—,—,—,—,—,—,—,—,—,—,—,—,—,—,—,—,—,—,—,—,—,—,—,—,—,—,5,—,—,62,61
Xbox Hardware,,,,,,,,,,,,,,,,,,,,,,,,,,,,,,,,,,,,,,,,,
  Revenue Growth - Supplemental Breakdown,,—,—,—,—,—,—,—,—,—,—,—,—,—,—,—,—,—,—,—,—,—,—,—,—,—,—,—,—,—,—,—,—,—,—,—,-13,—,—,-31,-42
Office Consumer Products & Cloud Services,,,,,,,,,,,,,,,,,,,,,,,,,,,,,,,,,,,,,,,,,
  Revenue Growth - Supplemental Breakdown,,—,—,—,—,13,-14,3,19,—,22,—,—,—,—,12,—,16,1,—,—,5,19,15,6,—,—,5,18,—,—,—,—,7,—,1,3,3,5,4,3
  Net Sales % Increased at Constant Currency - Supplementary Breakdown,,—,—,—,-23,-4,-8,6,18,—,21,—,—,—,—,9,—,17,—,—,—,6,—,17,—,—,—,—,—,—,—,—,—,11,—,—,—,4,—,—,4
  Net Sales % Increased at Constant Currency,,—,—,—,—,—,—,—,18,—,—,—,—,—,—,—,—,—,—,—,—,—,—,—,—,—,—,—,—,—,—,—,—,—,—,—,—,—,—,—,—
Windows Commercial Products & Cloud Services,,,,,,,,,,,,,,,,,,,,,,,,,,,,,,,,,,,,,,,,,
  Net Sales % Increased at Constant Currency - Supplementary Breakdown,,—,—,—,—,—,—,—,—,—,6,—,—,—,—,17,—,12,14,—,—,29,27,18,11,—,—,7,14,—,—,19,—,15,—,18,3,—,—,—,8
  Revenue Growth - Supplemental Breakdown,,—,—,—,—,7,—,—,—,—,—,—,—,—,—,—,—,—,—,—,—,—,—,—,—,—,—,—,—,—,—,—,—,8,—,14,2,—,—,—,—
Dynamics 365,,,,,,,,,,,,,,,,,,,,,,,,,,,,,,,,,,,,,,,,,
  Net Sales % Increased at Constant Currency - Supplementary Breakdown,,—,—,—,—,—,—,—,—,—,—,—,—,—,—,—,—,—,—,—,—,—,—,—,—,—,—,—,—,—,—,—,—,—,—,—,—,—,—,—,20
Commercial,,,,,,,,,,,,,,,,,,,,,,,,,,,,,,,,,,,,,,,,,
  Total Performance Obligation,,—,—,—,—,—,—,—,—,—,—,—,—,—,—,—,—,68000,69000,72000,—,86000,87000,89000,107000,107000,90000,—,141000,137000,—,155000,—,183000,189000,196000,224000,216000,222000,—,269000
  Gross Profit,,—,10826,10419,10879,—,—,—,—,—,—,—,—,—,—,—,—,—,—,—,—,—,—,—,—,—,—,—,—,—,—,—,—,—,—,—,—,—,—,—,—
  Goodwill,,—,11650,11708,—,—,—,—,—,—,—,—,—,—,—,—,—,—,—,—,—,—,—,—,—,—,—,—,—,—,—,—,—,—,—,—,—,—,—,—,—
  Revenue Growth %,,—,5,5,—,—,—,—,—,—,—,—,—,—,—,—,—,—,—,—,—,—,—,—,—,—,—,—,—,—,—,—,—,—,—,—,—,—,—,—,—
  Net Sales % Increased at Constant Currency,,—,—,7,—,—,—,—,—,—,—,—,—,—,—,—,—,—,—,—,—,—,—,—,—,—,—,—,—,—,—,—,—,—,—,—,—,—,—,—,—
  Foreign Currency Impact on Revenue,,—,—,-300,—,—,—,—,—,—,—,—,—,—,—,—,—,—,—,—,—,—,—,—,—,—,—,—,—,—,—,—,—,—,—,—,—,—,—,—,—
  Total Operating Expense,,—,4300,4263,—,—,—,—,—,—,—,—,—,—,—,—,—,—,—,—,—,—,—,—,—,—,—,—,—,—,—,—,—,—,—,—,—,—,—,—,—
  Changes in Deferred Revenue,,—,19262,18223,—,—,—,—,—,—,—,—,—,—,—,—,—,—,—,—,—,—,—,—,—,—,—,—,—,—,—,—,—,—,—,—,—,—,—,—,—
Microsoft Cloud,,,,,,,,,,,,,,,,,,,,,,,,,,,,,,,,,,,,,,,,,
  Revenue Growth - Supplemental Breakdown,,—,—,—,—,—,—,—,—,—,—,—,—,—,—,—,—,—,—,—,—,—,—,—,—,—,—,—,—,—,—,—,—,—,—,—,—,24,24,—,—
  Net Sales % Increased at Constant Currency - Supplementary Breakdown,,—,—,—,—,—,—,—,—,—,—,—,—,—,—,—,—,—,—,—,—,—,—,—,—,—,—,—,—,—,—,—,—,—,—,—,—,23,22,—,—
Windows OEM,,,,,,,,,,,,,,,,,,,,,,,,,,,,,,,,,,,,,,,,,
  Revenue Growth - Supplemental Breakdown,,—,—,—,—,6,-5,2,11,—,—,—,—,—,—,—,—,—,—,—,—,—,—,—,—,—,—,—,—,—,—,—,—,-15,—,-28,-12,—,—,—,—
  Net Sales % Increased at Constant Currency - Supplementary Breakdown,,—,—,—,-22,-6,-5,2,11,—,5,—,—,—,—,4,—,3,-5,—,—,9,18,0,7,—,—,10,-3,—,—,11,—,15,—,-28,-12,—,—,—,—
Surface,,,,,,,,,,,,,,,,,,,,,,,,,,,,,,,,,,,,,,,,,
  Revenue Growth - Supplemental Breakdown,,—,—,—,—,-26,-22,56,9,—,—,—,—,—,—,32,—,14,39,—,—,-4,6,1,28,—,—,12,-20,—,—,13,—,2,—,—,—,—,—,—,—
  Net Sales % Increased at Constant Currency - Supplementary Breakdown,,—,—,—,—,—,29,61,9,—,0,—,—,—,—,27,—,14,41,—,—,-2,8,2,30,—,—,7,-23,—,—,18,—,8,—,—,—,—,—,—,—
Server Products & Cloud Services,,,,,,,,,,,,,,,,,,,,,,,,,,,,,,,,,,,,,,,,,
  Revenue - Supplementary Breakdown,,—,—,—,—,—,—,—,—,—,—,—,6330,5496,6299,—,7990,—,—,8053,9720,—,—,—,—,11195,12729,—,—,15070,16382,—,18839,—,—,—,—,—,—,—,—
Search Advertising,,,,,,,,,,,,,,,,,,,,,,,,,,,,,,,,,,,,,,,,,
  Revenue - Supplementary Breakdown,,—,—,—,—,—,—,—,—,—,—,—,1586,1639,1820,—,1769,—,—,1911,1953,—,—,—,—,1789,2386,—,—,2656,3064,—,2926,—,—,—,—,—,—,—,—
Xbox Live,,,,,,,,,,,,,,,,,,,,,,,,,,,,,,,,,,,,,,,,,
  Monthly Active User Growth,,—,—,—,—,—,—,—,—,—,—,—,8,13,7,13,8,8,7,7,—,—,—,—,—,—,—,—,—,—,—,—,—,—,—,—,—,—,—,—,—
  Revenue Growth - Supplemental Breakdown,,—,—,—,—,17,—,—,—,—,—,—,—,—,—,—,—,—,—,—,—,—,—,—,—,—,—,—,—,—,—,—,—,—,—,—,—,—,—,—,—
Corporate and Other,,,,,,,,,,,,,,,,,,,,,,,,,,,,,,,,,,,,,,,,,
  Operating Income,,-1219,83,-192,-8458,0,0,0,-1110,—,—,—,-306,—,—,—,0,—,—,—,—,—,—,—,—,—,—,—,—,—,—,—,—,—,—,—,—,—,—,—,—
  Unearned Revenue Balance,,2096,1981,1975,2005,1342,3210,4752,6709,8482,10450,11922,13304,—,—,—,—,—,—,—,—,—,—,—,—,—,—,—,—,—,—,—,—,—,—,—,—,—,—,—,—
  Changes in Deferred Revenue,,2096,1981,1975,83,1342,3210,4752,6709,—,10450,11922,13304,—,—,—,—,—,—,—,—,—,—,—,—,—,—,—,—,—,—,—,—,—,—,—,—,—,—,—,—
  Revenue Growth %,,67,—,—,54,—,—,—,—,-47,-16,10,—,—,—,—,—,—,—,—,—,—,—,—,—,—,—,—,—,—,—,—,—,—,—,—,—,—,—,—,—
  Operating Income Growth %,,—,—,—,—,—,—,—,—,-47,-16,—,—,—,—,—,—,—,—,—,—,—,—,—,—,—,—,—,—,—,—,—,—,—,—,—,—,—,—,—,—
  Revenue,,0,325,0,-20,0,0,0,—,0,—,—,—,—,—,—,—,—,—,—,—,—,—,—,—,—,—,—,—,—,—,—,—,—,—,—,—,—,—,—,—
  Gross Profit,,—,291,-37,-58,—,—,—,—,—,—,—,—,—,—,—,—,—,—,—,—,—,—,—,—,—,—,—,—,—,—,—,—,—,—,—,—,—,—,—,—
  Total Operating Expense,,852,691,991,—,—,—,—,—,—,—,—,—,—,—,—,—,—,—,—,—,—,—,—,—,—,—,—,—,—,—,—,—,—,—,—,—,—,—,—,—
Phone,,,,,,,,,,,,,,,,,,,,,,,,,,,,,,,,,,,,,,,,,
  Revenue Growth - Supplemental Breakdown,,—,—,—,—,-58,-53,47,-71,—,—,—,—,—,—,—,—,—,—,—,—,—,—,—,—,—,—,—,—,—,—,—,—,—,—,—,—,—,—,—,—
  Net Sales % Increased at Constant Currency - Supplementary Breakdown,,—,—,—,—,-54,-49,46,—,—,—,—,—,—,—,—,—,—,—,—,—,—,—,—,—,—,—,—,—,—,—,—,—,—,—,—,—,—,—,—,—
Azure,,,,,,,,,,,,,,,,,,,,,,,,,,,,,,,,,,,,,,,,,
  Revenue Growth - Supplemental Breakdown,,—,—,—,—,—,—,110,—,—,—,—,—,—,—,—,—,—,—,—,—,—,—,—,—,—,—,—,—,—,—,—,—,—,—,—,—,—,—,—,—
Devices and Consumer,,,,,,,,,,,,,,,,,,,,,,,,,,,,,,,,,,,,,,,,,
  Gross Profit,,—,5217,4186,3891,—,—,—,—,—,—,—,—,—,—,—,—,—,—,—,—,—,—,—,—,—,—,—,—,—,—,—,—,—,—,—,—,—,—,—,—
  Goodwill,,—,10205,10020,—,—,—,—,—,—,—,—,—,—,—,—,—,—,—,—,—,—,—,—,—,—,—,—,—,—,—,—,—,—,—,—,—,—,—,—,—
  Revenue Growth %,,—,8,8,—,—,—,—,—,—,—,—,—,—,—,—,—,—,—,—,—,—,—,—,—,—,—,—,—,—,—,—,—,—,—,—,—,—,—,—,—
  Net Sales % Increased at Constant Currency,,—,—,11,—,—,—,—,—,—,—,—,—,—,—,—,—,—,—,—,—,—,—,—,—,—,—,—,—,—,—,—,—,—,—,—,—,—,—,—,—
  Foreign Currency Impact on Revenue,,—,—,-234,—,—,—,—,—,—,—,—,—,—,—,—,—,—,—,—,—,—,—,—,—,—,—,—,—,—,—,—,—,—,—,—,—,—,—,—,—
  Total Operating Expense,,—,3324,2530,—,—,—,—,—,—,—,—,—,—,—,—,—,—,—,—,—,—,—,—,—,—,—,—,—,—,—,—,—,—,—,—,—,—,—,—,—
Xbox,,,,,,,,,,,,,,,,,,,,,,,,,,,,,,,,,,,,,,,,,
  Number of Units Sold,,2400000,6600000,1600000,1400000,—,—,—,—,—,—,—,—,—,—,—,—,—,—,—,—,—,—,—,—,—,—,—,—,—,—,—,—,—,—,—,—,—,—,—,—
Licensing,,,,,,,,,,,,,,,,,,,,,,,,,,,,,,,,,,,,,,,,,
  Unearned Revenue Balance,,16959,—,—,—,—,—,—,—,—,—,—,—,—,—,—,—,—,—,—,—,—,—,—,—,—,—,—,—,—,—,—,—,—,—,—,—,—,—,—,—
Other,,,,,,,,,,,,,,,,,,,,,,,,,,,,,,,,,,,,,,,,,
  Unearned Revenue Balance,,3483,—,—,—,—,—,—,—,—,—,—,—,—,—,—,—,—,—,—,—,—,—,—,—,—,—,—,—,—,—,—,—,—,—,—,—,—,—,—,—
Source: Bloomberg,,,,,,,,,,,,,,,,,,,,,,,,,,,,,,,,,,,,,,,,,
