Unnamed: 0,Unnamed: 1,Unnamed: 2,Unnamed: 3,Unnamed: 4,Unnamed: 5,Unnamed: 6,Unnamed: 7,Unnamed: 8,Unnamed: 9,Unnamed: 10,Unnamed: 11,Unnamed: 12,Unnamed: 13,Unnamed: 14,Unnamed: 15,Unnamed: 16,Unnamed: 17,Unnamed: 18,Unnamed: 19,Unnamed: 20,Unnamed: 21,Unnamed: 22,Unnamed: 23,Unnamed: 24,Unnamed: 25,Unnamed: 26,Unnamed: 27,Unnamed: 28,Unnamed: 29
Martin Marietta Materials Inc (MLM US) - By Measure,,,,,,,,,,,,,,,,,,,,,,,,,,,,,
,,,,,,,,,,,,,,,,,,,,,,,,,,,,,
In Millions of USD except Per Share,,Q1 2001,,Q2 2001,,Q3 2001,,Q4 2001,,Q1 2002,,Q2 2002,,Q3 2002,,Q4 2002,,Q1 2003,,Q2 2003,,Q3 2003,,Q4 2003,,Q1 2004,,Q2 2004,
3 Months Ending,,03/31/2001,,06/30/2001,,09/30/2001,,12/31/2001,,03/31/2002,,06/30/2002,,09/30/2002,,12/31/2002,,03/31/2003,,06/30/2003,,09/30/2003,,12/31/2003,,03/31/2004,,06/30/2004,
Revenue,,300.831,1.0,477.409,1.0,499.697,1.0,440.113,1.0,331.828,1.0,475.3738,1.0,473.044,1.0,400.8,1.0,323.669,1.0,471.887,1.0,511.859,1.0,431.6,1.0,344.871,1.0,467.547,1.0
  Aggregates Products,,232.739,0.88273065865629,393.873,0.937306350513305,414.86,0.949305971891061,364.707,0.936757857750129,271.194,0.935374278707692,405.129,0.953657583518512,411.303,0.958428775489755,365.088,0.952605596317828,263.211,0.929739104633665,394.102,0.947032757891499,428.13,0.951207644676299,531.597,0.945706935934932,281.328,0.914097073750837,386.749,0.931131035213336
  Adjustment,,37.173,,57.191,,62.683,,50.784,,41.897,,50.5578,,43.901,,17.548,,40.567,,55.743,,61.768,,-130.516,,37.105,,52.193,
  Specialty Products,,—,,—,,—,,—,,—,,—,,—,,—,,—,,—,,—,,—,,26.438,0.0859029262491633,28.605,0.0688689647866639
  Magnesia Specialities,,30.919,0.11726934134371,26.345,0.062693649486695,22.154,0.0506940281089393,24.622,0.0632421422498709,18.737,0.0646257212923075,19.687,0.0463424164814885,17.84,0.0415712245102448,18.164,0.0473944036821726,19.891,0.0702608953663344,22.042,0.0529672421085009,21.961,0.0487923553237012,30.519,0.0542930640650684,—,,—,
Gross Profit,,27.164,1.0,93.461,1.0,105.882,1.0,77.243,1.0,28.001,1.0,109.08,1.0,97.323,1.0,64.159,1.0,21.693,1.0,101.134,1.0,104.138,1.0,81.217,1.0,32.562,1.0,103.631,1.0
  Aggregates Products,,23.047,0.848439110587542,89.615,0.958849145632938,103.222,0.974877694036758,73.921,0.95699286666753,24.972,0.891825291953859,105.983,0.971607994132747,94.526,0.971260647534498,53.399,0.832291650430961,20.016,0.922693956575854,96.996,0.959083987580833,101.534,0.974994718546544,71.663,0.882364529593558,28.351,0.870677476813464,98.067,0.946309501982997
  Specialty Products,,—,,—,,—,,—,,—,,—,,—,,—,,—,,—,,—,,—,,4.211,0.129322523186536,5.564,0.0536904980170026
  Magnesia Specialities,,4.117,0.151560889412458,3.846,0.0411508543670622,2.66,0.0251223059632421,3.322,0.0430071333324702,3.029,0.108174708046141,3.097,0.0283920058672534,2.797,0.0287393524655015,10.76,0.167708349569039,1.677,0.077306043424146,4.138,0.0409160124191667,2.604,0.025005281453456,9.554,0.117635470406442,—,,—,
Gross Margin,,—,,—,,—,,—,,—,,—,,—,,—,,—,,—,,—,,—,,—,,—,
  Aggregates Products,,—,,22.8,,24.9,,—,,9.5,,26.9,,23.6,,—,,7.6,,24.6,,23.7,,—,,10.1,,25.4,
  Specialty Products,,—,,—,,—,,—,,—,,—,,—,,—,,—,,—,,—,,—,,15.9,,19.5,
  Magnesia Specialities,,—,,14.6,,12,,—,,16.2,,15.7,,15.7,,—,,8.4,,18.8,,11.9,,—,,—,,—,
Operating Income,,2.2,1.0,64.468,1.0,79.806,1.0,50.771,1.0,174.689,1.0,80.911,1.0,68.543,1.0,29.382,1.0,-9.496,,70.158,1.0,74.722,1.0,43.506,1.0,-0.539,,73.26,1.0
  Aggregates Products,,2.431,1.105,63.457,0.984317801079605,78.972,0.989549657920457,49.167,0.968407161568612,169.916,0.972677157691669,79.434,0.981745374547342,67.278,0.981544431962418,28.772,0.979238989857736,-9.358,0.985467565290649,67.875,0.967459163602155,73.952,0.989695136639812,42.586,0.978853491472441,-2.067,3.83487940630798,70.956,0.968550368550369
  Specialty Products,,—,,—,,—,,—,,—,,—,,—,,—,,—,,—,,—,,—,,1.528,-2.83487940630798,2.304,0.0314496314496314
  Magnesia Specialities,,-0.231,-0.105,1.011,0.0156821989203946,0.834,0.0104503420795429,1.604,0.031592838431388,4.773,0.0273228423083308,1.477,0.0182546254526579,1.265,0.0184555680375822,0.61,0.020761010142264,-0.138,0.0145324347093513,2.283,0.0325408363978449,0.77,0.0103048633601884,0.92,0.0211465085275594,—,,—,
Assets,,—,,—,,—,,2224.58,1.0,—,,—,,—,,2273.028,1.0,—,,—,,—,,2330.093,1.0,—,,—,
  Specialty Products,,—,,—,,—,,—,,—,,—,,—,,66.128,0.0303136014683724,—,,—,,—,,76.805,0.0363806283870742,—,,—,
  Magnesia Specialities,,—,,—,,—,,61.253,0.0284974153528645,—,,—,,—,,—,,—,,—,,—,,—,,—,,—,
  Aggregates Products,,—,,—,,—,,2088.17,0.971502584647135,—,,—,,—,,2115.335,0.969686398531628,—,,—,,—,,2034.346,0.963619371612926,—,,—,
  Corporate,,—,,—,,—,,75.157,,—,,—,,—,,91.565,,—,,—,,—,,218.942,,—,,—,
SG&A,,24.555,1.0,28.734,1.0,26.254,1.0,26.522,1.0,28.183,1.0,28.488,1.0,28.833,1.0,33.323,1.0,30.72,1.0,28.915,1.0,29.595,1.0,37.418,1.0,31.721,1.0,32.929,1.0
  Aggregates Products,,20.607,0.839218081857056,26.124,0.90916684067655,24.513,0.93368629542165,24.744,0.932961315134605,26.656,0.945818401163822,26.926,0.945169896096602,27.369,0.949224846530018,25.913,0.777631065630345,28.964,0.942838541666667,27.146,0.93882068130728,27.845,0.940868389930732,29.468,0.787535410764873,29.203,0.920620409192648,30.303,0.920252664824319
  Specialty Products,,—,,—,,—,,—,,—,,—,,—,,—,,—,,—,,—,,—,,2.518,0.0793795908073516,2.626,0.079747335175681
  Magnesia Specialities,,3.948,0.160781918142944,2.61,0.0908331593234496,1.741,0.06631370457835,1.778,0.0670386848653948,1.527,0.0541815988361778,1.562,0.0548301039033979,1.464,0.0507751534699823,7.41,0.222368934369655,1.756,0.0571614583333333,1.769,0.06117931869272,1.75,0.0591316100692685,7.95,0.212464589235127,—,,—,
Source: Bloomberg,,,,,,,,,,,,,,,,,,,,,,,,,,,,,
